%YAML 1.1
%TAG !u! tag:unity3d.com,2011:
--- !u!1 &104604
GameObject:
  m_ObjectHideFlags: 1
  m_PrefabParentObject: {fileID: 0}
  m_PrefabInternal: {fileID: 100100000}
  serializedVersion: 4
  m_Component:
  - 4: {fileID: 489954}
  m_Layer: 0
  m_Name: Bip01 R Thigh
  m_TagString: Untagged
  m_Icon: {fileID: 0}
  m_NavMeshLayer: 0
  m_StaticEditorFlags: 0
  m_IsActive: 1
--- !u!1 &114630
GameObject:
  m_ObjectHideFlags: 0
  m_PrefabParentObject: {fileID: 0}
  m_PrefabInternal: {fileID: 100100000}
  serializedVersion: 4
  m_Component:
  - 4: {fileID: 433764}
  - 137: {fileID: 13716322}
  m_Layer: 0
  m_Name: Sister_bottle
  m_TagString: Untagged
  m_Icon: {fileID: 0}
  m_NavMeshLayer: 0
  m_StaticEditorFlags: 0
  m_IsActive: 1
--- !u!1 &115810
GameObject:
  m_ObjectHideFlags: 0
  m_PrefabParentObject: {fileID: 0}
  m_PrefabInternal: {fileID: 100100000}
  serializedVersion: 4
  m_Component:
  - 4: {fileID: 463356}
  - 137: {fileID: 13776998}
  m_Layer: 0
  m_Name: _head-06
  m_TagString: Untagged
  m_Icon: {fileID: 0}
  m_NavMeshLayer: 0
  m_StaticEditorFlags: 0
  m_IsActive: 1
--- !u!1 &117088
GameObject:
  m_ObjectHideFlags: 1
  m_PrefabParentObject: {fileID: 0}
  m_PrefabInternal: {fileID: 100100000}
  serializedVersion: 4
  m_Component:
  - 4: {fileID: 453664}
  m_Layer: 0
  m_Name: Bip01 Spine
  m_TagString: Untagged
  m_Icon: {fileID: 0}
  m_NavMeshLayer: 0
  m_StaticEditorFlags: 0
  m_IsActive: 1
--- !u!1 &120870
GameObject:
  m_ObjectHideFlags: 0
  m_PrefabParentObject: {fileID: 0}
  m_PrefabInternal: {fileID: 100100000}
  serializedVersion: 4
  m_Component:
  - 4: {fileID: 405432}
  m_Layer: 0
  m_Name: Bip01
  m_TagString: Untagged
  m_Icon: {fileID: 0}
  m_NavMeshLayer: 0
  m_StaticEditorFlags: 0
  m_IsActive: 1
--- !u!1 &122112
GameObject:
  m_ObjectHideFlags: 1
  m_PrefabParentObject: {fileID: 0}
  m_PrefabInternal: {fileID: 100100000}
  serializedVersion: 4
  m_Component:
  - 4: {fileID: 457134}
  m_Layer: 0
  m_Name: Bip01 R Clavicle
  m_TagString: Untagged
  m_Icon: {fileID: 0}
  m_NavMeshLayer: 0
  m_StaticEditorFlags: 0
  m_IsActive: 1
--- !u!1 &123166
GameObject:
  m_ObjectHideFlags: 1
  m_PrefabParentObject: {fileID: 0}
  m_PrefabInternal: {fileID: 100100000}
  serializedVersion: 4
  m_Component:
  - 4: {fileID: 446298}
  m_Layer: 0
  m_Name: Bip01 L Thigh
  m_TagString: Untagged
  m_Icon: {fileID: 0}
  m_NavMeshLayer: 0
  m_StaticEditorFlags: 0
  m_IsActive: 1
--- !u!1 &123232
GameObject:
  m_ObjectHideFlags: 1
  m_PrefabParentObject: {fileID: 0}
  m_PrefabInternal: {fileID: 100100000}
  serializedVersion: 4
  m_Component:
  - 4: {fileID: 421286}
  m_Layer: 0
  m_Name: Bip01 L Clavicle
  m_TagString: Untagged
  m_Icon: {fileID: 0}
  m_NavMeshLayer: 0
  m_StaticEditorFlags: 0
  m_IsActive: 1
--- !u!1 &125938
GameObject:
  m_ObjectHideFlags: 0
  m_PrefabParentObject: {fileID: 0}
  m_PrefabInternal: {fileID: 100100000}
  serializedVersion: 4
  m_Component:
  - 4: {fileID: 474074}
  - 137: {fileID: 13782398}
  m_Layer: 0
  m_Name: Warlock_head
  m_TagString: Untagged
  m_Icon: {fileID: 0}
  m_NavMeshLayer: 0
  m_StaticEditorFlags: 0
  m_IsActive: 1
--- !u!1 &126432
GameObject:
  m_ObjectHideFlags: 0
  m_PrefabParentObject: {fileID: 0}
  m_PrefabInternal: {fileID: 100100000}
  serializedVersion: 4
  m_Component:
  - 4: {fileID: 454938}
  - 137: {fileID: 13785418}
  m_Layer: 0
  m_Name: Warlock_staff
  m_TagString: Untagged
  m_Icon: {fileID: 0}
  m_NavMeshLayer: 0
  m_StaticEditorFlags: 0
  m_IsActive: 1
--- !u!1 &126958
GameObject:
  m_ObjectHideFlags: 1
  m_PrefabParentObject: {fileID: 0}
  m_PrefabInternal: {fileID: 100100000}
  serializedVersion: 4
  m_Component:
  - 4: {fileID: 456820}
  m_Layer: 0
  m_Name: Bip01 R Foot
  m_TagString: Untagged
  m_Icon: {fileID: 0}
  m_NavMeshLayer: 0
  m_StaticEditorFlags: 0
  m_IsActive: 1
--- !u!1 &126998
GameObject:
  m_ObjectHideFlags: 1
  m_PrefabParentObject: {fileID: 0}
  m_PrefabInternal: {fileID: 100100000}
  serializedVersion: 4
  m_Component:
  - 4: {fileID: 497088}
  m_Layer: 0
  m_Name: Hand-left_Bone
  m_TagString: Untagged
  m_Icon: {fileID: 0}
  m_NavMeshLayer: 0
  m_StaticEditorFlags: 0
  m_IsActive: 1
--- !u!1 &131084
GameObject:
  m_ObjectHideFlags: 0
  m_PrefabParentObject: {fileID: 0}
  m_PrefabInternal: {fileID: 100100000}
  serializedVersion: 4
  m_Component:
  - 4: {fileID: 495614}
  - 137: {fileID: 13738090}
  m_Layer: 0
  m_Name: _rh-wand
  m_TagString: Untagged
  m_Icon: {fileID: 0}
  m_NavMeshLayer: 0
  m_StaticEditorFlags: 0
  m_IsActive: 1
--- !u!1 &131412
GameObject:
  m_ObjectHideFlags: 1
  m_PrefabParentObject: {fileID: 0}
  m_PrefabInternal: {fileID: 100100000}
  serializedVersion: 4
  m_Component:
  - 4: {fileID: 426996}
  m_Layer: 0
  m_Name: Bip01 R Calf
  m_TagString: Untagged
  m_Icon: {fileID: 0}
  m_NavMeshLayer: 0
  m_StaticEditorFlags: 0
  m_IsActive: 1
--- !u!1 &145284
GameObject:
  m_ObjectHideFlags: 1
  m_PrefabParentObject: {fileID: 0}
  m_PrefabInternal: {fileID: 100100000}
  serializedVersion: 4
  m_Component:
  - 4: {fileID: 457240}
  m_Layer: 0
  m_Name: Bip01 L Toe0
  m_TagString: Untagged
  m_Icon: {fileID: 0}
  m_NavMeshLayer: 0
  m_StaticEditorFlags: 0
  m_IsActive: 1
--- !u!1 &145526
GameObject:
  m_ObjectHideFlags: 1
  m_PrefabParentObject: {fileID: 0}
  m_PrefabInternal: {fileID: 100100000}
  serializedVersion: 4
  m_Component:
  - 4: {fileID: 451648}
  m_Layer: 0
  m_Name: Bip01 R Forearm
  m_TagString: Untagged
  m_Icon: {fileID: 0}
  m_NavMeshLayer: 0
  m_StaticEditorFlags: 0
  m_IsActive: 1
--- !u!1 &145886
GameObject:
  m_ObjectHideFlags: 1
  m_PrefabParentObject: {fileID: 0}
  m_PrefabInternal: {fileID: 100100000}
  serializedVersion: 4
  m_Component:
  - 4: {fileID: 427594}
  m_Layer: 0
  m_Name: Bip01 L Hand
  m_TagString: Untagged
  m_Icon: {fileID: 0}
  m_NavMeshLayer: 0
  m_StaticEditorFlags: 0
  m_IsActive: 1
--- !u!1 &147530
GameObject:
  m_ObjectHideFlags: 1
  m_PrefabParentObject: {fileID: 0}
  m_PrefabInternal: {fileID: 100100000}
  serializedVersion: 4
  m_Component:
  - 4: {fileID: 448286}
  m_Layer: 0
  m_Name: Bip01 L Foot
  m_TagString: Untagged
  m_Icon: {fileID: 0}
  m_NavMeshLayer: 0
  m_StaticEditorFlags: 0
  m_IsActive: 1
--- !u!1 &151592
GameObject:
  m_ObjectHideFlags: 0
  m_PrefabParentObject: {fileID: 0}
  m_PrefabInternal: {fileID: 100100000}
  serializedVersion: 4
  m_Component:
  - 4: {fileID: 407230}
  - 137: {fileID: 13777552}
  m_Layer: 0
  m_Name: _head-05
  m_TagString: Untagged
  m_Icon: {fileID: 0}
  m_NavMeshLayer: 0
  m_StaticEditorFlags: 0
  m_IsActive: 1
--- !u!1 &151750
GameObject:
  m_ObjectHideFlags: 1
  m_PrefabParentObject: {fileID: 0}
  m_PrefabInternal: {fileID: 100100000}
  serializedVersion: 4
  m_Component:
  - 4: {fileID: 441742}
  m_Layer: 0
  m_Name: Bip01 Pelvis
  m_TagString: Untagged
  m_Icon: {fileID: 0}
  m_NavMeshLayer: 0
  m_StaticEditorFlags: 0
  m_IsActive: 1
--- !u!1 &153664
GameObject:
  m_ObjectHideFlags: 1
  m_PrefabParentObject: {fileID: 0}
  m_PrefabInternal: {fileID: 100100000}
  serializedVersion: 4
  m_Component:
  - 4: {fileID: 469386}
  m_Layer: 0
  m_Name: Bip01 R Finger0
  m_TagString: Untagged
  m_Icon: {fileID: 0}
  m_NavMeshLayer: 0
  m_StaticEditorFlags: 0
  m_IsActive: 1
--- !u!1 &154346
GameObject:
  m_ObjectHideFlags: 0
  m_PrefabParentObject: {fileID: 0}
  m_PrefabInternal: {fileID: 100100000}
  serializedVersion: 4
  m_Component:
  - 4: {fileID: 440248}
  - 137: {fileID: 13706996}
  m_Layer: 0
  m_Name: Mage_staff
  m_TagString: Untagged
  m_Icon: {fileID: 0}
  m_NavMeshLayer: 0
  m_StaticEditorFlags: 0
  m_IsActive: 1
--- !u!1 &154498
GameObject:
  m_ObjectHideFlags: 0
  m_PrefabParentObject: {fileID: 0}
  m_PrefabInternal: {fileID: 100100000}
  serializedVersion: 4
  m_Component:
  - 4: {fileID: 431430}
  - 137: {fileID: 13709674}
  m_Layer: 0
  m_Name: Mage_head
  m_TagString: Untagged
  m_Icon: {fileID: 0}
  m_NavMeshLayer: 0
  m_StaticEditorFlags: 0
  m_IsActive: 1
--- !u!1 &154784
GameObject:
  m_ObjectHideFlags: 0
  m_PrefabParentObject: {fileID: 0}
  m_PrefabInternal: {fileID: 100100000}
  serializedVersion: 4
  m_Component:
  - 4: {fileID: 451888}
  - 137: {fileID: 13799718}
  m_Layer: 0
  m_Name: Sister_head
  m_TagString: Untagged
  m_Icon: {fileID: 0}
  m_NavMeshLayer: 0
  m_StaticEditorFlags: 0
  m_IsActive: 1
--- !u!1 &163630
GameObject:
  m_ObjectHideFlags: 1
  m_PrefabParentObject: {fileID: 0}
  m_PrefabInternal: {fileID: 100100000}
  serializedVersion: 4
  m_Component:
  - 4: {fileID: 409826}
  m_Layer: 0
  m_Name: Bip01 L UpperArm
  m_TagString: Untagged
  m_Icon: {fileID: 0}
  m_NavMeshLayer: 0
  m_StaticEditorFlags: 0
  m_IsActive: 1
--- !u!1 &164420
GameObject:
  m_ObjectHideFlags: 1
  m_PrefabParentObject: {fileID: 0}
  m_PrefabInternal: {fileID: 100100000}
  serializedVersion: 4
  m_Component:
  - 4: {fileID: 459294}
  m_Layer: 0
  m_Name: Bip01 L Calf
  m_TagString: Untagged
  m_Icon: {fileID: 0}
  m_NavMeshLayer: 0
  m_StaticEditorFlags: 0
  m_IsActive: 1
--- !u!1 &164836
GameObject:
  m_ObjectHideFlags: 0
  m_PrefabParentObject: {fileID: 0}
  m_PrefabInternal: {fileID: 100100000}
  serializedVersion: 4
  m_Component:
  - 4: {fileID: 479482}
  - 137: {fileID: 13770028}
  m_Layer: 0
  m_Name: _lh-green-bottle
  m_TagString: Untagged
  m_Icon: {fileID: 0}
  m_NavMeshLayer: 0
  m_StaticEditorFlags: 0
  m_IsActive: 1
--- !u!1 &168934
GameObject:
  m_ObjectHideFlags: 1
  m_PrefabParentObject: {fileID: 0}
  m_PrefabInternal: {fileID: 100100000}
  serializedVersion: 4
  m_Component:
  - 4: {fileID: 426646}
  m_Layer: 0
  m_Name: Bip01 R UpperArm
  m_TagString: Untagged
  m_Icon: {fileID: 0}
  m_NavMeshLayer: 0
  m_StaticEditorFlags: 0
  m_IsActive: 1
--- !u!1 &169536
GameObject:
  m_ObjectHideFlags: 0
  m_PrefabParentObject: {fileID: 0}
  m_PrefabInternal: {fileID: 100100000}
  serializedVersion: 4
  m_Component:
  - 4: {fileID: 470332}
  - 95: {fileID: 9590062}
  - 114: {fileID: 11454488}
  - 114: {fileID: 11407474}
  m_Layer: 0
  m_Name: Mage
  m_TagString: Untagged
  m_Icon: {fileID: 0}
  m_NavMeshLayer: 0
  m_StaticEditorFlags: 0
  m_IsActive: 1
--- !u!1 &173586
GameObject:
  m_ObjectHideFlags: 0
  m_PrefabParentObject: {fileID: 0}
  m_PrefabInternal: {fileID: 100100000}
  serializedVersion: 4
  m_Component:
  - 4: {fileID: 409380}
  - 137: {fileID: 13730934}
  m_Layer: 0
  m_Name: _head-01
  m_TagString: Untagged
  m_Icon: {fileID: 0}
  m_NavMeshLayer: 0
  m_StaticEditorFlags: 0
  m_IsActive: 1
--- !u!1 &175606
GameObject:
  m_ObjectHideFlags: 1
  m_PrefabParentObject: {fileID: 0}
  m_PrefabInternal: {fileID: 100100000}
  serializedVersion: 4
  m_Component:
  - 4: {fileID: 477652}
  m_Layer: 0
  m_Name: Bip01 R Toe0
  m_TagString: Untagged
  m_Icon: {fileID: 0}
  m_NavMeshLayer: 0
  m_StaticEditorFlags: 0
  m_IsActive: 1
--- !u!1 &177896
GameObject:
  m_ObjectHideFlags: 1
  m_PrefabParentObject: {fileID: 0}
  m_PrefabInternal: {fileID: 100100000}
  serializedVersion: 4
  m_Component:
  - 4: {fileID: 436236}
  m_Layer: 0
  m_Name: Bip01 L Finger0
  m_TagString: Untagged
  m_Icon: {fileID: 0}
  m_NavMeshLayer: 0
  m_StaticEditorFlags: 0
  m_IsActive: 1
--- !u!1 &181242
GameObject:
  m_ObjectHideFlags: 1
  m_PrefabParentObject: {fileID: 0}
  m_PrefabInternal: {fileID: 100100000}
  serializedVersion: 4
  m_Component:
  - 4: {fileID: 476804}
  m_Layer: 0
  m_Name: Hand-right_Bone
  m_TagString: Untagged
  m_Icon: {fileID: 0}
  m_NavMeshLayer: 0
  m_StaticEditorFlags: 0
  m_IsActive: 1
--- !u!1 &185998
GameObject:
  m_ObjectHideFlags: 1
  m_PrefabParentObject: {fileID: 0}
  m_PrefabInternal: {fileID: 100100000}
  serializedVersion: 4
  m_Component:
  - 4: {fileID: 493030}
  m_Layer: 0
  m_Name: Bip01 R Hand
  m_TagString: Untagged
  m_Icon: {fileID: 0}
  m_NavMeshLayer: 0
  m_StaticEditorFlags: 0
  m_IsActive: 1
--- !u!1 &189592
GameObject:
  m_ObjectHideFlags: 0
  m_PrefabParentObject: {fileID: 0}
  m_PrefabInternal: {fileID: 100100000}
  serializedVersion: 4
  m_Component:
  - 4: {fileID: 494240}
  - 137: {fileID: 13721294}
  m_Layer: 0
  m_Name: mage_body
  m_TagString: Untagged
  m_Icon: {fileID: 0}
  m_NavMeshLayer: 0
  m_StaticEditorFlags: 0
  m_IsActive: 1
--- !u!1 &190522
GameObject:
  m_ObjectHideFlags: 1
  m_PrefabParentObject: {fileID: 0}
  m_PrefabInternal: {fileID: 100100000}
  serializedVersion: 4
  m_Component:
  - 4: {fileID: 467772}
  m_Layer: 0
  m_Name: Bip01 Neck
  m_TagString: Untagged
  m_Icon: {fileID: 0}
  m_NavMeshLayer: 0
  m_StaticEditorFlags: 0
  m_IsActive: 1
--- !u!1 &192274
GameObject:
  m_ObjectHideFlags: 1
  m_PrefabParentObject: {fileID: 0}
  m_PrefabInternal: {fileID: 100100000}
  serializedVersion: 4
  m_Component:
  - 4: {fileID: 491854}
  m_Layer: 0
  m_Name: Bip01 L Forearm
  m_TagString: Untagged
  m_Icon: {fileID: 0}
  m_NavMeshLayer: 0
  m_StaticEditorFlags: 0
  m_IsActive: 1
--- !u!1 &192760
GameObject:
  m_ObjectHideFlags: 0
  m_PrefabParentObject: {fileID: 0}
  m_PrefabInternal: {fileID: 100100000}
  serializedVersion: 4
  m_Component:
  - 4: {fileID: 404378}
  - 137: {fileID: 13704896}
  m_Layer: 0
  m_Name: _rh-sword
  m_TagString: Untagged
  m_Icon: {fileID: 0}
  m_NavMeshLayer: 0
  m_StaticEditorFlags: 0
  m_IsActive: 1
--- !u!1 &193170
GameObject:
  m_ObjectHideFlags: 0
  m_PrefabParentObject: {fileID: 0}
  m_PrefabInternal: {fileID: 100100000}
  serializedVersion: 4
  m_Component:
  - 4: {fileID: 404756}
  - 137: {fileID: 13725830}
  m_Layer: 0
  m_Name: Sister_staff
  m_TagString: Untagged
  m_Icon: {fileID: 0}
  m_NavMeshLayer: 0
  m_StaticEditorFlags: 0
  m_IsActive: 1
--- !u!1 &195734
GameObject:
  m_ObjectHideFlags: 1
  m_PrefabParentObject: {fileID: 0}
  m_PrefabInternal: {fileID: 100100000}
  serializedVersion: 4
  m_Component:
  - 4: {fileID: 458480}
  m_Layer: 0
  m_Name: Bip01 Head
  m_TagString: Untagged
  m_Icon: {fileID: 0}
  m_NavMeshLayer: 0
  m_StaticEditorFlags: 0
  m_IsActive: 1
--- !u!1 &199342
GameObject:
  m_ObjectHideFlags: 0
  m_PrefabParentObject: {fileID: 0}
  m_PrefabInternal: {fileID: 100100000}
  serializedVersion: 4
  m_Component:
  - 4: {fileID: 406532}
  - 137: {fileID: 13739628}
  m_Layer: 0
  m_Name: Mage_book
  m_TagString: Untagged
  m_Icon: {fileID: 0}
  m_NavMeshLayer: 0
  m_StaticEditorFlags: 0
  m_IsActive: 1
--- !u!4 &404378
Transform:
  m_ObjectHideFlags: 1
  m_PrefabParentObject: {fileID: 0}
  m_PrefabInternal: {fileID: 100100000}
  m_GameObject: {fileID: 192760}
  m_LocalRotation: {x: .404223502, y: .582567453, z: -.383005679, w: .592051685}
  m_LocalPosition: {x: .491424739, y: .244154692, z: .0437192768}
  m_LocalScale: {x: .999999762, y: 1.00000036, z: 1}
  m_Children: []
  m_Father: {fileID: 470332}
  m_RootOrder: 12
--- !u!4 &404756
Transform:
  m_ObjectHideFlags: 1
  m_PrefabParentObject: {fileID: 0}
  m_PrefabInternal: {fileID: 100100000}
  m_GameObject: {fileID: 193170}
  m_LocalRotation: {x: .404223561, y: .582567334, z: -.383005589, w: .592051804}
  m_LocalPosition: {x: .491424739, y: .244154692, z: .0437192768}
  m_LocalScale: {x: .99999994, y: 1, z: 1.00000012}
  m_Children: []
  m_Father: {fileID: 470332}
  m_RootOrder: 10
--- !u!4 &405432
Transform:
  m_ObjectHideFlags: 1
  m_PrefabParentObject: {fileID: 0}
  m_PrefabInternal: {fileID: 100100000}
  m_GameObject: {fileID: 120870}
  m_LocalRotation: {x: -.500000477, y: .499999583, z: .499999583, w: .500000477}
  m_LocalPosition: {x: 0, y: .326102674, z: .0240325928}
  m_LocalScale: {x: 1, y: 1, z: 1}
  m_Children:
  - {fileID: 441742}
  m_Father: {fileID: 470332}
  m_RootOrder: 14
--- !u!4 &406532
Transform:
  m_ObjectHideFlags: 1
  m_PrefabParentObject: {fileID: 0}
  m_PrefabInternal: {fileID: 100100000}
  m_GameObject: {fileID: 199342}
  m_LocalRotation: {x: -.388978362, y: .591401994, z: .42639342, w: .563141346}
  m_LocalPosition: {x: -.505623758, y: .254679501, z: .0389860868}
  m_LocalScale: {x: 1.00000012, y: 1, z: 1}
  m_Children: []
  m_Father: {fileID: 470332}
  m_RootOrder: 7
--- !u!4 &407230
Transform:
  m_ObjectHideFlags: 1
  m_PrefabParentObject: {fileID: 0}
  m_PrefabInternal: {fileID: 100100000}
  m_GameObject: {fileID: 151592}
  m_LocalRotation: {x: -.707106829, y: 0, z: -0, w: .707106829}
  m_LocalPosition: {x: 0, y: .789562702, z: .144937575}
  m_LocalScale: {x: 1, y: 1, z: 1}
  m_Children: []
  m_Father: {fileID: 470332}
  m_RootOrder: 4
--- !u!4 &409380
Transform:
  m_ObjectHideFlags: 1
  m_PrefabParentObject: {fileID: 0}
  m_PrefabInternal: {fileID: 100100000}
  m_GameObject: {fileID: 173586}
  m_LocalRotation: {x: -.707106829, y: 0, z: -0, w: .707106829}
  m_LocalPosition: {x: 0, y: .789562702, z: .144937575}
  m_LocalScale: {x: 1, y: 1, z: 1}
  m_Children: []
  m_Father: {fileID: 470332}
  m_RootOrder: 0
--- !u!4 &409826
Transform:
  m_ObjectHideFlags: 1
  m_PrefabParentObject: {fileID: 0}
  m_PrefabInternal: {fileID: 100100000}
  m_GameObject: {fileID: 163630}
  m_LocalRotation: {x: -.0271245539, y: -.3771483, z: -.0201180261, w: .92553699}
  m_LocalPosition: {x: -.0883495212, y: 1.86264515e-09, z: 0}
  m_LocalScale: {x: .99999994, y: 1.00000024, z: 1}
  m_Children:
  - {fileID: 491854}
  m_Father: {fileID: 421286}
  m_RootOrder: 0
--- !u!4 &421286
Transform:
  m_ObjectHideFlags: 1
  m_PrefabParentObject: {fileID: 0}
  m_PrefabInternal: {fileID: 100100000}
  m_GameObject: {fileID: 123232}
  m_LocalRotation: {x: .69732511, y: .117207795, z: -.69732511, w: .117207795}
  m_LocalPosition: {x: .0527225137, y: -.0426998734, z: .13962689}
  m_LocalScale: {x: 1, y: 1.00000012, z: 1.00000012}
  m_Children:
  - {fileID: 409826}
  m_Father: {fileID: 467772}
  m_RootOrder: 1
--- !u!4 &426646
Transform:
  m_ObjectHideFlags: 1
  m_PrefabParentObject: {fileID: 0}
  m_PrefabInternal: {fileID: 100100000}
  m_GameObject: {fileID: 168934}
  m_LocalRotation: {x: .0271246303, y: .377148241, z: -.0201180559, w: .92553705}
  m_LocalPosition: {x: -.0883495212, y: -1.86264515e-09, z: 0}
  m_LocalScale: {x: .99999994, y: 1.00000024, z: 1}
  m_Children:
  - {fileID: 451648}
  m_Father: {fileID: 457134}
  m_RootOrder: 0
--- !u!4 &426996
Transform:
  m_ObjectHideFlags: 1
  m_PrefabParentObject: {fileID: 0}
  m_PrefabInternal: {fileID: 100100000}
  m_GameObject: {fileID: 131412}
  m_LocalRotation: {x: 1.50007018e-09, y: -7.54132201e-10, z: .12186864, w: .99254626}
  m_LocalPosition: {x: -.119522855, y: 7.4505806e-09, z: -1.49011612e-08}
  m_LocalScale: {x: .99999994, y: .99999994, z: 1.00000012}
  m_Children:
  - {fileID: 456820}
  m_Father: {fileID: 489954}
  m_RootOrder: 0
--- !u!4 &427594
Transform:
  m_ObjectHideFlags: 1
  m_PrefabParentObject: {fileID: 0}
  m_PrefabInternal: {fileID: 100100000}
  m_GameObject: {fileID: 145886}
  m_LocalRotation: {x: -.706308007, y: -.0354086421, z: -.0402708612, w: .705870748}
  m_LocalPosition: {x: -.138749123, y: 0, z: 1.1920929e-07}
  m_LocalScale: {x: 1.00000036, y: .999999881, z: 1.00000024}
  m_Children:
  - {fileID: 436236}
  - {fileID: 497088}
  m_Father: {fileID: 491854}
  m_RootOrder: 0
--- !u!4 &431430
Transform:
  m_ObjectHideFlags: 1
  m_PrefabParentObject: {fileID: 0}
  m_PrefabInternal: {fileID: 100100000}
  m_GameObject: {fileID: 154498}
  m_LocalRotation: {x: -.707106829, y: 0, z: -0, w: .707106829}
  m_LocalPosition: {x: 0, y: .789562702, z: .144937575}
  m_LocalScale: {x: 1, y: 1, z: 1}
  m_Children: []
  m_Father: {fileID: 470332}
  m_RootOrder: 3
--- !u!4 &433764
Transform:
  m_ObjectHideFlags: 1
  m_PrefabParentObject: {fileID: 0}
  m_PrefabInternal: {fileID: 100100000}
  m_GameObject: {fileID: 114630}
  m_LocalRotation: {x: -.388978362, y: .591401994, z: .42639342, w: .563141346}
  m_LocalPosition: {x: -.505623758, y: .254679501, z: .0389860868}
  m_LocalScale: {x: 1.00000012, y: 1, z: 1}
  m_Children: []
  m_Father: {fileID: 470332}
  m_RootOrder: 6
--- !u!4 &436236
Transform:
  m_ObjectHideFlags: 1
  m_PrefabParentObject: {fileID: 0}
  m_PrefabInternal: {fileID: 100100000}
  m_GameObject: {fileID: 177896}
  m_LocalRotation: {x: -.000398159085, y: -1.87451099e-09, z: 2.98015781e-08, w: .99999994}
  m_LocalPosition: {x: -.209059179, y: -1.78813934e-07, z: -7.4505806e-09}
  m_LocalScale: {x: 1, y: .999999881, z: 1}
  m_Children: []
  m_Father: {fileID: 427594}
  m_RootOrder: 0
--- !u!4 &440248
Transform:
  m_ObjectHideFlags: 1
  m_PrefabParentObject: {fileID: 0}
  m_PrefabInternal: {fileID: 100100000}
  m_GameObject: {fileID: 154346}
  m_LocalRotation: {x: .404223561, y: .582567334, z: -.383005589, w: .592051804}
  m_LocalPosition: {x: .491424739, y: .244154692, z: .0437192768}
  m_LocalScale: {x: .99999994, y: 1, z: 1.00000012}
  m_Children: []
  m_Father: {fileID: 470332}
  m_RootOrder: 9
--- !u!4 &441742
Transform:
  m_ObjectHideFlags: 1
  m_PrefabParentObject: {fileID: 0}
  m_PrefabInternal: {fileID: 100100000}
  m_GameObject: {fileID: 151750}
  m_LocalRotation: {x: .506515265, y: -.493398786, z: -.506515265, w: -.493398786}
  m_LocalPosition: {x: 0, y: 0, z: 0}
  m_LocalScale: {x: 1, y: .99999994, z: .99999994}
  m_Children:
  - {fileID: 453664}
  m_Father: {fileID: 405432}
  m_RootOrder: 0
--- !u!4 &446298
Transform:
  m_ObjectHideFlags: 1
  m_PrefabParentObject: {fileID: 0}
  m_PrefabInternal: {fileID: 100100000}
  m_GameObject: {fileID: 123166}
  m_LocalRotation: {x: -.0354336463, y: .999329388, z: .0043067378, w: .00816288125}
  m_LocalPosition: {x: .0781526864, y: .00350192189, z: .120369211}
  m_LocalScale: {x: 1, y: 1.00000024, z: 1.00000024}
  m_Children:
  - {fileID: 459294}
  m_Father: {fileID: 453664}
  m_RootOrder: 0
--- !u!4 &448286
Transform:
  m_ObjectHideFlags: 1
  m_PrefabParentObject: {fileID: 0}
  m_PrefabInternal: {fileID: 100100000}
  m_GameObject: {fileID: 147530}
  m_LocalRotation: {x: -.0407935791, y: .0115974257, z: -.086648874, w: .995335817}
  m_LocalPosition: {x: -.130987704, y: -6.51925802e-09, z: 0}
  m_LocalScale: {x: 1.00000048, y: 1.00000036, z: .999999881}
  m_Children:
  - {fileID: 457240}
  m_Father: {fileID: 459294}
  m_RootOrder: 0
--- !u!4 &451648
Transform:
  m_ObjectHideFlags: 1
  m_PrefabParentObject: {fileID: 0}
  m_PrefabInternal: {fileID: 100100000}
  m_GameObject: {fileID: 145526}
  m_LocalRotation: {x: 2.07880535e-09, y: -2.97880316e-08, z: .00725477841, w: .999973714}
  m_LocalPosition: {x: -.190601557, y: 3.7252903e-09, z: 0}
  m_LocalScale: {x: .999999821, y: 1.00000012, z: 1}
  m_Children:
  - {fileID: 493030}
  m_Father: {fileID: 426646}
  m_RootOrder: 0
--- !u!4 &451888
Transform:
  m_ObjectHideFlags: 1
  m_PrefabParentObject: {fileID: 0}
  m_PrefabInternal: {fileID: 100100000}
  m_GameObject: {fileID: 154784}
  m_LocalRotation: {x: -.707106829, y: 0, z: -0, w: .707106829}
  m_LocalPosition: {x: 0, y: .789562702, z: .144937575}
  m_LocalScale: {x: 1, y: 1, z: 1}
  m_Children: []
  m_Father: {fileID: 470332}
  m_RootOrder: 2
--- !u!4 &453664
Transform:
  m_ObjectHideFlags: 1
  m_PrefabParentObject: {fileID: 0}
  m_PrefabInternal: {fileID: 100100000}
  m_GameObject: {fileID: 117088}
  m_LocalRotation: {x: .0131150959, y: 5.98461156e-06, z: -.000398134696, w: .999913931}
  m_LocalPosition: {x: -.078155458, y: -.000281287357, z: -7.27246515e-06}
  m_LocalScale: {x: 1, y: .999999762, z: .999999702}
  m_Children:
  - {fileID: 446298}
  - {fileID: 467772}
  - {fileID: 489954}
  m_Father: {fileID: 441742}
  m_RootOrder: 0
--- !u!4 &454938
Transform:
  m_ObjectHideFlags: 1
  m_PrefabParentObject: {fileID: 0}
  m_PrefabInternal: {fileID: 100100000}
  m_GameObject: {fileID: 126432}
  m_LocalRotation: {x: .404223561, y: .582567334, z: -.383005589, w: .592051804}
  m_LocalPosition: {x: .491424739, y: .244154692, z: .0437192768}
  m_LocalScale: {x: .99999994, y: 1, z: 1.00000012}
  m_Children: []
  m_Father: {fileID: 470332}
  m_RootOrder: 11
--- !u!4 &456820
Transform:
  m_ObjectHideFlags: 1
  m_PrefabParentObject: {fileID: 0}
  m_PrefabInternal: {fileID: 100100000}
  m_GameObject: {fileID: 126958}
  m_LocalRotation: {x: .0407934859, y: -.0115959672, z: -.0866122171, w: .995339036}
  m_LocalPosition: {x: -.130987734, y: 2.79396772e-09, z: 0}
  m_LocalScale: {x: 1.0000006, y: 1.00000024, z: 1.00000024}
  m_Children:
  - {fileID: 477652}
  m_Father: {fileID: 426996}
  m_RootOrder: 0
--- !u!4 &457134
Transform:
  m_ObjectHideFlags: 1
  m_PrefabParentObject: {fileID: 0}
  m_PrefabInternal: {fileID: 100100000}
  m_GameObject: {fileID: 122112}
  m_LocalRotation: {x: .69732511, y: .117207848, z: .69732511, w: -.117207848}
  m_LocalPosition: {x: .0527225137, y: -.0426991284, z: -.13962701}
  m_LocalScale: {x: 1, y: 1.00000012, z: 1}
  m_Children:
  - {fileID: 426646}
  m_Father: {fileID: 467772}
  m_RootOrder: 2
--- !u!4 &457240
Transform:
  m_ObjectHideFlags: 1
  m_PrefabParentObject: {fileID: 0}
  m_PrefabInternal: {fileID: 100100000}
  m_GameObject: {fileID: 145284}
  m_LocalRotation: {x: 1.28202569e-08, y: -1.80885706e-08, z: -.707106829, w: .707106709}
  m_LocalPosition: {x: -.0940345451, y: .121018305, z: -7.4505806e-09}
  m_LocalScale: {x: .999999881, y: .999999881, z: .999999881}
  m_Children: []
  m_Father: {fileID: 448286}
  m_RootOrder: 0
--- !u!4 &458480
Transform:
  m_ObjectHideFlags: 1
  m_PrefabParentObject: {fileID: 0}
  m_PrefabInternal: {fileID: 100100000}
  m_GameObject: {fileID: 195734}
  m_LocalRotation: {x: 4.98088966e-08, y: -3.66620696e-07, z: .134622678, w: .99089694}
  m_LocalPosition: {x: -.0715970397, y: 0, z: -1.13686838e-13}
  m_LocalScale: {x: 1, y: 1, z: 1}
  m_Children: []
  m_Father: {fileID: 467772}
  m_RootOrder: 0
--- !u!4 &459294
Transform:
  m_ObjectHideFlags: 1
  m_PrefabParentObject: {fileID: 0}
  m_PrefabInternal: {fileID: 100100000}
  m_GameObject: {fileID: 164420}
  m_LocalRotation: {x: 8.10799705e-10, y: 1.03794318e-09, z: .121946767, w: .992536664}
  m_LocalPosition: {x: -.119522825, y: 1.49011612e-08, z: 1.49011612e-08}
  m_LocalScale: {x: 1.00000036, y: 1.00000036, z: 1.00000024}
  m_Children:
  - {fileID: 448286}
  m_Father: {fileID: 446298}
  m_RootOrder: 0
--- !u!4 &463356
Transform:
  m_ObjectHideFlags: 1
  m_PrefabParentObject: {fileID: 0}
  m_PrefabInternal: {fileID: 100100000}
  m_GameObject: {fileID: 115810}
  m_LocalRotation: {x: -.707106829, y: 0, z: -0, w: .707106829}
  m_LocalPosition: {x: 0, y: .789562702, z: .144937575}
  m_LocalScale: {x: 1, y: 1, z: 1}
  m_Children: []
  m_Father: {fileID: 470332}
  m_RootOrder: 5
--- !u!4 &467772
Transform:
  m_ObjectHideFlags: 1
  m_PrefabParentObject: {fileID: 0}
  m_PrefabInternal: {fileID: 100100000}
  m_GameObject: {fileID: 190522}
  m_LocalRotation: {x: 7.88517909e-08, y: 4.70272369e-07, z: -.165364236, w: .986232579}
  m_LocalPosition: {x: -.272960365, y: .0576538369, z: 8.08846607e-08}
  m_LocalScale: {x: .99999994, y: .99999994, z: 1}
  m_Children:
  - {fileID: 458480}
  - {fileID: 421286}
  - {fileID: 457134}
  m_Father: {fileID: 453664}
  m_RootOrder: 1
--- !u!4 &469386
Transform:
  m_ObjectHideFlags: 1
  m_PrefabParentObject: {fileID: 0}
  m_PrefabInternal: {fileID: 100100000}
  m_GameObject: {fileID: 153664}
  m_LocalRotation: {x: .000398168399, y: 3.73122377e-09, z: 1.48996788e-08, w: .99999994}
  m_LocalPosition: {x: -.209059134, y: 0, z: 0}
  m_LocalScale: {x: .999999881, y: .99999994, z: 1.00000012}
  m_Children: []
  m_Father: {fileID: 493030}
  m_RootOrder: 0
--- !u!4 &470332
Transform:
  m_ObjectHideFlags: 1
  m_PrefabParentObject: {fileID: 0}
  m_PrefabInternal: {fileID: 100100000}
  m_GameObject: {fileID: 169536}
  m_LocalRotation: {x: 0, y: 0, z: 0, w: 1}
  m_LocalPosition: {x: -5.89950752, y: 0, z: -.900658727}
  m_LocalScale: {x: .699999988, y: .699999988, z: .699999988}
  m_Children:
  - {fileID: 409380}
  - {fileID: 474074}
  - {fileID: 451888}
  - {fileID: 431430}
  - {fileID: 407230}
  - {fileID: 463356}
  - {fileID: 433764}
  - {fileID: 406532}
  - {fileID: 479482}
  - {fileID: 440248}
  - {fileID: 404756}
  - {fileID: 454938}
  - {fileID: 404378}
  - {fileID: 495614}
  - {fileID: 405432}
  - {fileID: 494240}
  m_Father: {fileID: 0}
  m_RootOrder: 0
--- !u!4 &474074
Transform:
  m_ObjectHideFlags: 1
  m_PrefabParentObject: {fileID: 0}
  m_PrefabInternal: {fileID: 100100000}
  m_GameObject: {fileID: 125938}
  m_LocalRotation: {x: -.707106829, y: 0, z: -0, w: .707106829}
  m_LocalPosition: {x: 0, y: .789562702, z: .144937575}
  m_LocalScale: {x: 1, y: 1, z: 1}
  m_Children: []
  m_Father: {fileID: 470332}
  m_RootOrder: 1
--- !u!4 &476804
Transform:
  m_ObjectHideFlags: 1
  m_PrefabParentObject: {fileID: 0}
  m_PrefabInternal: {fileID: 100100000}
  m_GameObject: {fileID: 181242}
  m_LocalRotation: {x: .701289177, y: -.140522406, z: -.695300162, w: -.0707444996}
  m_LocalPosition: {x: -.146498278, y: .0860792994, z: .0178514123}
  m_LocalScale: {x: 1, y: .999999821, z: .999999881}
  m_Children: []
  m_Father: {fileID: 493030}
  m_RootOrder: 1
--- !u!4 &477652
Transform:
  m_ObjectHideFlags: 1
  m_PrefabParentObject: {fileID: 0}
  m_PrefabInternal: {fileID: 100100000}
  m_GameObject: {fileID: 175606}
  m_LocalRotation: {x: -2.63393396e-09, y: -2.63393352e-09, z: -.707106829, w: .707106709}
  m_LocalPosition: {x: -.0940345526, y: .12101841, z: 7.4505806e-09}
  m_LocalScale: {x: 1.00000012, y: 1, z: 1.00000012}
  m_Children: []
  m_Father: {fileID: 456820}
  m_RootOrder: 0
--- !u!4 &479482
Transform:
  m_ObjectHideFlags: 1
  m_PrefabParentObject: {fileID: 0}
  m_PrefabInternal: {fileID: 100100000}
  m_GameObject: {fileID: 164836}
  m_LocalRotation: {x: -.388978362, y: .591401994, z: .42639342, w: .563141346}
  m_LocalPosition: {x: -.505623758, y: .254679501, z: .0389860868}
  m_LocalScale: {x: 1.00000012, y: 1, z: 1}
  m_Children: []
  m_Father: {fileID: 470332}
  m_RootOrder: 8
--- !u!4 &489954
Transform:
  m_ObjectHideFlags: 1
  m_PrefabParentObject: {fileID: 0}
  m_PrefabInternal: {fileID: 100100000}
  m_GameObject: {fileID: 104604}
  m_LocalRotation: {x: -.0353919379, y: .999330878, z: -.00430495525, w: -.00816275366}
  m_LocalPosition: {x: .0781577229, y: -.00281465426, z: -.120369188}
  m_LocalScale: {x: 1, y: 1, z: .999999821}
  m_Children:
  - {fileID: 426996}
  m_Father: {fileID: 453664}
  m_RootOrder: 2
--- !u!4 &491854
Transform:
  m_ObjectHideFlags: 1
  m_PrefabParentObject: {fileID: 0}
  m_PrefabInternal: {fileID: 100100000}
  m_GameObject: {fileID: 192274}
  m_LocalRotation: {x: 6.4862743e-10, y: -8.94046224e-08, z: .00725477515, w: .999973714}
  m_LocalPosition: {x: -.190601647, y: 7.4505806e-09, z: 0}
  m_LocalScale: {x: 1, y: 1.00000036, z: .999999881}
  m_Children:
  - {fileID: 427594}
  m_Father: {fileID: 409826}
  m_RootOrder: 0
--- !u!4 &493030
Transform:
  m_ObjectHideFlags: 1
  m_PrefabParentObject: {fileID: 0}
  m_PrefabInternal: {fileID: 100100000}
  m_GameObject: {fileID: 185998}
  m_LocalRotation: {x: .706307948, y: .0354085863, z: -.0402707979, w: .705870807}
  m_LocalPosition: {x: -.138749063, y: 0, z: 1.1920929e-07}
  m_LocalScale: {x: 1, y: .999999821, z: .999999881}
  m_Children:
  - {fileID: 469386}
  - {fileID: 476804}
  m_Father: {fileID: 451648}
  m_RootOrder: 0
--- !u!4 &494240
Transform:
  m_ObjectHideFlags: 1
  m_PrefabParentObject: {fileID: 0}
  m_PrefabInternal: {fileID: 100100000}
  m_GameObject: {fileID: 189592}
  m_LocalRotation: {x: -.707106829, y: 0, z: -0, w: .707106829}
  m_LocalPosition: {x: 0, y: -.000757217407, z: 0}
  m_LocalScale: {x: 1, y: 1, z: 1}
  m_Children: []
  m_Father: {fileID: 470332}
  m_RootOrder: 15
--- !u!4 &495614
Transform:
  m_ObjectHideFlags: 1
  m_PrefabParentObject: {fileID: 0}
  m_PrefabInternal: {fileID: 100100000}
  m_GameObject: {fileID: 131084}
  m_LocalRotation: {x: .404223323, y: .582567334, z: -.383005559, w: .592051983}
  m_LocalPosition: {x: .491424739, y: .244154692, z: .0437192768}
  m_LocalScale: {x: 1, y: .999999881, z: 1.00000012}
  m_Children: []
  m_Father: {fileID: 470332}
  m_RootOrder: 13
--- !u!4 &497088
Transform:
  m_ObjectHideFlags: 1
  m_PrefabParentObject: {fileID: 0}
  m_PrefabInternal: {fileID: 100100000}
  m_GameObject: {fileID: 126998}
  m_LocalRotation: {x: .693356693, y: -.168914348, z: .696310222, w: .0766595304}
  m_LocalPosition: {x: -.147429347, y: .0681542754, z: -.0143012255}
  m_LocalScale: {x: .999999881, y: .999999523, z: .999999762}
  m_Children: []
  m_Father: {fileID: 427594}
  m_RootOrder: 1
--- !u!95 &9590062
Animator:
  serializedVersion: 3
  m_ObjectHideFlags: 1
  m_PrefabParentObject: {fileID: 0}
  m_PrefabInternal: {fileID: 100100000}
  m_GameObject: {fileID: 169536}
  m_Enabled: 1
  m_Avatar: {fileID: 9000000, guid: 076ef8b3c629240408bf237a83f1c321, type: 3}
  m_Controller: {fileID: 9100000, guid: f129ddf5c67a82f4aaf8e51175cbff00, type: 2}
  m_CullingMode: 1
  m_UpdateMode: 0
  m_ApplyRootMotion: 0
  m_LinearVelocityBlending: 0
  m_WarningMessage: 
  m_HasTransformHierarchy: 1
  m_AllowConstantClipSamplingOptimization: 1
--- !u!114 &11407474
MonoBehaviour:
  m_ObjectHideFlags: 1
  m_PrefabParentObject: {fileID: 0}
  m_PrefabInternal: {fileID: 100100000}
  m_GameObject: {fileID: 169536}
  m_Enabled: 1
  m_EditorHideFlags: 0
  m_Script: {fileID: 11500000, guid: 3ebedc3b6e98f114ba05b7f61538a855, type: 3}
  m_Name: 
  m_EditorClassIdentifier: 
  Char_models: []
--- !u!114 &11454488
MonoBehaviour:
  m_ObjectHideFlags: 1
  m_PrefabParentObject: {fileID: 0}
  m_PrefabInternal: {fileID: 100100000}
  m_GameObject: {fileID: 169536}
  m_Enabled: 1
  m_EditorHideFlags: 0
  m_Script: {fileID: 11500000, guid: 75624c21670b9d645917f16d1079c46a, type: 3}
  m_Name: 
  m_EditorClassIdentifier: 
  Id: 0
  Index: 0
  Name: 
  level: 0
  Max_hp: 0
  Cur_hp: 0
  Max_mp: 0
  Cur_mp: 0
  Attack_point: 0
  Def_point: 0
  Range_move: 0
  Rang_at: 0
  Anim: {fileID: 0}
  Target: {fileID: 0}
  Is_selected: 0
  Time_attack: 0
  Audio_source: {fileID: 0}
  Hit_sound: {fileID: 0}
  Dead_sound: {fileID: 0}
  Attack_sound: {fileID: 0}
  State_action: 
  State_char: 
  State_move: 
  Manager_ui: {fileID: 0}
  Manager_battle: {fileID: 0}
  Tile_map: {fileID: 0}
  Menu_function: []
  Start_point: {x: 0, y: 0, z: 0}
  path: []
--- !u!137 &13704896
SkinnedMeshRenderer:
  m_ObjectHideFlags: 1
  m_PrefabParentObject: {fileID: 0}
  m_PrefabInternal: {fileID: 100100000}
  m_GameObject: {fileID: 192760}
  m_Enabled: 0
  m_CastShadows: 1
  m_ReceiveShadows: 1
  m_Materials:
  - {fileID: 2100000, guid: a1a75ab620f0caa4a8fd4f0a5cf45872, type: 2}
  m_SubsetIndices: 
  m_StaticBatchRoot: {fileID: 0}
  m_UseLightProbes: 1
  m_ReflectionProbeUsage: 1
  m_ProbeAnchor: {fileID: 0}
  m_ScaleInLightmap: 1
  m_PreserveUVs: 0
  m_ImportantGI: 0
  m_AutoUVMaxDistance: .5
  m_AutoUVMaxAngle: 89
  m_LightmapParameters: {fileID: 0}
  m_SortingLayerID: 0
  m_SortingOrder: 0
  serializedVersion: 2
  m_Quality: 0
  m_UpdateWhenOffscreen: 0
  m_Mesh: {fileID: 4300028, guid: 076ef8b3c629240408bf237a83f1c321, type: 3}
  m_Bones:
  - {fileID: 476804}
  m_BlendShapeWeights: []
  m_RootBone: {fileID: 476804}
  m_AABB:
    m_Center: {x: -.286860704, y: 2.86847353e-07, z: .0102790445}
    m_Extent: {x: .424541831, y: .0419179089, z: .150289908}
  m_DirtyAABB: 0
--- !u!137 &13706996
SkinnedMeshRenderer:
  m_ObjectHideFlags: 1
  m_PrefabParentObject: {fileID: 0}
  m_PrefabInternal: {fileID: 100100000}
  m_GameObject: {fileID: 154346}
  m_Enabled: 0
  m_CastShadows: 1
  m_ReceiveShadows: 1
  m_Materials:
  - {fileID: 2100000, guid: a1a75ab620f0caa4a8fd4f0a5cf45872, type: 2}
  m_SubsetIndices: 
  m_StaticBatchRoot: {fileID: 0}
  m_UseLightProbes: 1
  m_ReflectionProbeUsage: 1
  m_ProbeAnchor: {fileID: 0}
  m_ScaleInLightmap: 1
  m_PreserveUVs: 0
  m_ImportantGI: 0
  m_AutoUVMaxDistance: .5
  m_AutoUVMaxAngle: 89
  m_LightmapParameters: {fileID: 0}
  m_SortingLayerID: 0
  m_SortingOrder: 0
  serializedVersion: 2
  m_Quality: 0
  m_UpdateWhenOffscreen: 0
  m_Mesh: {fileID: 4300002, guid: 076ef8b3c629240408bf237a83f1c321, type: 3}
  m_Bones:
  - {fileID: 476804}
  m_BlendShapeWeights: []
  m_RootBone: {fileID: 476804}
  m_AABB:
    m_Center: {x: -.387430191, y: .0045138225, z: .00160612166}
    m_Extent: {x: .630720615, y: .0806962028, z: .0806830749}
  m_DirtyAABB: 0
--- !u!137 &13709674
SkinnedMeshRenderer:
  m_ObjectHideFlags: 1
  m_PrefabParentObject: {fileID: 0}
  m_PrefabInternal: {fileID: 100100000}
  m_GameObject: {fileID: 154498}
  m_Enabled: 0
  m_CastShadows: 1
  m_ReceiveShadows: 1
  m_Materials:
  - {fileID: 2100000, guid: a1a75ab620f0caa4a8fd4f0a5cf45872, type: 2}
  m_SubsetIndices: 
  m_StaticBatchRoot: {fileID: 0}
  m_UseLightProbes: 1
  m_ReflectionProbeUsage: 1
  m_ProbeAnchor: {fileID: 0}
  m_ScaleInLightmap: 1
  m_PreserveUVs: 0
  m_ImportantGI: 0
  m_AutoUVMaxDistance: .5
  m_AutoUVMaxAngle: 89
  m_LightmapParameters: {fileID: 0}
  m_SortingLayerID: 0
  m_SortingOrder: 0
  serializedVersion: 2
  m_Quality: 0
  m_UpdateWhenOffscreen: 0
  m_Mesh: {fileID: 4300026, guid: 076ef8b3c629240408bf237a83f1c321, type: 3}
  m_Bones:
  - {fileID: 458480}
  m_BlendShapeWeights: []
  m_RootBone: {fileID: 458480}
  m_AABB:
    m_Center: {x: -.380518913, y: -.0490828156, z: -.000321358442}
    m_Extent: {x: .430592179, y: .35609889, z: .330001891}
  m_DirtyAABB: 0
--- !u!137 &13716322
SkinnedMeshRenderer:
  m_ObjectHideFlags: 1
  m_PrefabParentObject: {fileID: 0}
  m_PrefabInternal: {fileID: 100100000}
  m_GameObject: {fileID: 114630}
  m_Enabled: 0
  m_CastShadows: 1
  m_ReceiveShadows: 1
  m_Materials:
  - {fileID: 2100000, guid: a1a75ab620f0caa4a8fd4f0a5cf45872, type: 2}
  m_SubsetIndices: 
  m_StaticBatchRoot: {fileID: 0}
  m_UseLightProbes: 1
  m_ReflectionProbeUsage: 1
  m_ProbeAnchor: {fileID: 0}
  m_ScaleInLightmap: 1
  m_PreserveUVs: 0
  m_ImportantGI: 0
  m_AutoUVMaxDistance: .5
  m_AutoUVMaxAngle: 89
  m_LightmapParameters: {fileID: 0}
  m_SortingLayerID: 0
  m_SortingOrder: 0
  serializedVersion: 2
  m_Quality: 0
  m_UpdateWhenOffscreen: 0
  m_Mesh: {fileID: 4300022, guid: 076ef8b3c629240408bf237a83f1c321, type: 3}
  m_Bones:
  - {fileID: 497088}
  m_BlendShapeWeights: []
  m_RootBone: {fileID: 497088}
  m_AABB:
    m_Center: {x: .174698383, y: 2.5331974e-07, z: -5.96046448e-07}
    m_Extent: {x: .253556401, y: .153835356, z: .153825268}
  m_DirtyAABB: 0
--- !u!137 &13721294
SkinnedMeshRenderer:
  m_ObjectHideFlags: 1
  m_PrefabParentObject: {fileID: 0}
  m_PrefabInternal: {fileID: 100100000}
  m_GameObject: {fileID: 189592}
  m_Enabled: 1
  m_CastShadows: 1
  m_ReceiveShadows: 1
  m_Materials:
  - {fileID: 2100000, guid: a1a75ab620f0caa4a8fd4f0a5cf45872, type: 2}
  m_SubsetIndices: 
  m_StaticBatchRoot: {fileID: 0}
  m_UseLightProbes: 1
  m_ReflectionProbeUsage: 1
  m_ProbeAnchor: {fileID: 0}
  m_ScaleInLightmap: 1
  m_PreserveUVs: 0
  m_ImportantGI: 0
  m_AutoUVMaxDistance: .5
  m_AutoUVMaxAngle: 89
  m_LightmapParameters: {fileID: 0}
  m_SortingLayerID: 0
  m_SortingOrder: 0
  serializedVersion: 2
  m_Quality: 0
  m_UpdateWhenOffscreen: 0
  m_Mesh: {fileID: 4300000, guid: 076ef8b3c629240408bf237a83f1c321, type: 3}
  m_Bones:
  - {fileID: 453664}
  - {fileID: 409826}
  - {fileID: 446298}
  - {fileID: 491854}
  - {fileID: 427594}
  - {fileID: 489954}
  - {fileID: 426646}
  - {fileID: 451648}
  - {fileID: 493030}
  - {fileID: 456820}
  - {fileID: 477652}
  - {fileID: 448286}
  - {fileID: 457240}
  m_BlendShapeWeights: []
  m_RootBone: {fileID: 453664}
  m_AABB:
    m_Center: {x: .0245638043, y: .0716882944, z: .0024176836}
    m_Extent: {x: .408501744, y: .271007329, z: .706059813}
  m_DirtyAABB: 0
--- !u!137 &13725830
SkinnedMeshRenderer:
  m_ObjectHideFlags: 1
  m_PrefabParentObject: {fileID: 0}
  m_PrefabInternal: {fileID: 100100000}
  m_GameObject: {fileID: 193170}
  m_Enabled: 0
  m_CastShadows: 1
  m_ReceiveShadows: 1
  m_Materials:
  - {fileID: 2100000, guid: a1a75ab620f0caa4a8fd4f0a5cf45872, type: 2}
  m_SubsetIndices: 
  m_StaticBatchRoot: {fileID: 0}
  m_UseLightProbes: 1
  m_ReflectionProbeUsage: 1
  m_ProbeAnchor: {fileID: 0}
  m_ScaleInLightmap: 1
  m_PreserveUVs: 0
  m_ImportantGI: 0
  m_AutoUVMaxDistance: .5
  m_AutoUVMaxAngle: 89
  m_LightmapParameters: {fileID: 0}
  m_SortingLayerID: 0
  m_SortingOrder: 0
  serializedVersion: 2
  m_Quality: 0
  m_UpdateWhenOffscreen: 0
  m_Mesh: {fileID: 4300004, guid: 076ef8b3c629240408bf237a83f1c321, type: 3}
  m_Bones:
  - {fileID: 476804}
  m_BlendShapeWeights: []
  m_RootBone: {fileID: 476804}
  m_AABB:
    m_Center: {x: -.324797094, y: -.00105769187, z: -.00332006812}
    m_Extent: {x: .574801385, y: .0595121421, z: .114051193}
  m_DirtyAABB: 0
--- !u!137 &13730934
SkinnedMeshRenderer:
  m_ObjectHideFlags: 1
  m_PrefabParentObject: {fileID: 0}
  m_PrefabInternal: {fileID: 100100000}
  m_GameObject: {fileID: 173586}
  m_Enabled: 0
  m_CastShadows: 1
  m_ReceiveShadows: 1
  m_Materials:
  - {fileID: 2100000, guid: a1a75ab620f0caa4a8fd4f0a5cf45872, type: 2}
  m_SubsetIndices: 
  m_StaticBatchRoot: {fileID: 0}
  m_UseLightProbes: 1
  m_ReflectionProbeUsage: 1
  m_ProbeAnchor: {fileID: 0}
  m_ScaleInLightmap: 1
  m_PreserveUVs: 0
  m_ImportantGI: 0
  m_AutoUVMaxDistance: .5
  m_AutoUVMaxAngle: 89
  m_LightmapParameters: {fileID: 0}
  m_SortingLayerID: 0
  m_SortingOrder: 0
  serializedVersion: 2
  m_Quality: 0
  m_UpdateWhenOffscreen: 0
  m_Mesh: {fileID: 4300012, guid: 076ef8b3c629240408bf237a83f1c321, type: 3}
  m_Bones:
  - {fileID: 458480}
  m_BlendShapeWeights: []
  m_RootBone: {fileID: 458480}
  m_AABB:
    m_Center: {x: -.416847199, y: -.0227240324, z: -.000394701958}
    m_Extent: {x: .455941468, y: .59935075, z: .616635323}
  m_DirtyAABB: 0
--- !u!137 &13738090
SkinnedMeshRenderer:
  m_ObjectHideFlags: 1
  m_PrefabParentObject: {fileID: 0}
  m_PrefabInternal: {fileID: 100100000}
  m_GameObject: {fileID: 131084}
  m_Enabled: 0
  m_CastShadows: 1
  m_ReceiveShadows: 1
  m_Materials:
  - {fileID: 2100000, guid: a1a75ab620f0caa4a8fd4f0a5cf45872, type: 2}
  m_SubsetIndices: 
  m_StaticBatchRoot: {fileID: 0}
  m_UseLightProbes: 1
  m_ReflectionProbeUsage: 1
  m_ProbeAnchor: {fileID: 0}
  m_ScaleInLightmap: 1
  m_PreserveUVs: 0
  m_ImportantGI: 0
  m_AutoUVMaxDistance: .5
  m_AutoUVMaxAngle: 89
  m_LightmapParameters: {fileID: 0}
  m_SortingLayerID: 0
  m_SortingOrder: 0
  serializedVersion: 2
  m_Quality: 0
  m_UpdateWhenOffscreen: 0
  m_Mesh: {fileID: 4300008, guid: 076ef8b3c629240408bf237a83f1c321, type: 3}
  m_Bones:
  - {fileID: 476804}
  m_BlendShapeWeights: []
  m_RootBone: {fileID: 476804}
  m_AABB:
    m_Center: {x: -.129505485, y: .0014091637, z: .0121232588}
    m_Extent: {x: .309437454, y: .0228090491, z: .0227823537}
  m_DirtyAABB: 0
--- !u!137 &13739628
SkinnedMeshRenderer:
  m_ObjectHideFlags: 1
  m_PrefabParentObject: {fileID: 0}
  m_PrefabInternal: {fileID: 100100000}
  m_GameObject: {fileID: 199342}
  m_Enabled: 0
  m_CastShadows: 1
  m_ReceiveShadows: 1
  m_Materials:
  - {fileID: 2100000, guid: a1a75ab620f0caa4a8fd4f0a5cf45872, type: 2}
  m_SubsetIndices: 
  m_StaticBatchRoot: {fileID: 0}
  m_UseLightProbes: 1
  m_ReflectionProbeUsage: 1
  m_ProbeAnchor: {fileID: 0}
  m_ScaleInLightmap: 1
  m_PreserveUVs: 0
  m_ImportantGI: 0
  m_AutoUVMaxDistance: .5
  m_AutoUVMaxAngle: 89
  m_LightmapParameters: {fileID: 0}
  m_SortingLayerID: 0
  m_SortingOrder: 0
  serializedVersion: 2
  m_Quality: 0
  m_UpdateWhenOffscreen: 0
  m_Mesh: {fileID: 4300024, guid: 076ef8b3c629240408bf237a83f1c321, type: 3}
  m_Bones:
  - {fileID: 497088}
  m_BlendShapeWeights: []
  m_RootBone: {fileID: 497088}
  m_AABB:
    m_Center: {x: 1.63912773e-07, y: -.0669502318, z: -.0776014328}
    m_Extent: {x: .161273301, y: .12349233, z: .132043779}
  m_DirtyAABB: 0
--- !u!137 &13770028
SkinnedMeshRenderer:
  m_ObjectHideFlags: 1
  m_PrefabParentObject: {fileID: 0}
  m_PrefabInternal: {fileID: 100100000}
  m_GameObject: {fileID: 164836}
  m_Enabled: 0
  m_CastShadows: 1
  m_ReceiveShadows: 1
  m_Materials:
  - {fileID: 2100000, guid: a1a75ab620f0caa4a8fd4f0a5cf45872, type: 2}
  m_SubsetIndices: 
  m_StaticBatchRoot: {fileID: 0}
  m_UseLightProbes: 1
  m_ReflectionProbeUsage: 1
  m_ProbeAnchor: {fileID: 0}
  m_ScaleInLightmap: 1
  m_PreserveUVs: 0
  m_ImportantGI: 0
  m_AutoUVMaxDistance: .5
  m_AutoUVMaxAngle: 89
  m_LightmapParameters: {fileID: 0}
  m_SortingLayerID: 0
  m_SortingOrder: 0
  serializedVersion: 2
  m_Quality: 0
  m_UpdateWhenOffscreen: 0
  m_Mesh: {fileID: 4300020, guid: 076ef8b3c629240408bf237a83f1c321, type: 3}
  m_Bones:
  - {fileID: 497088}
  m_BlendShapeWeights: []
  m_RootBone: {fileID: 497088}
  m_AABB:
    m_Center: {x: .109324045, y: 2.23517418e-07, z: -3.57627869e-07}
    m_Extent: {x: .249148905, y: .169065922, z: .169065729}
  m_DirtyAABB: 0
--- !u!137 &13776998
SkinnedMeshRenderer:
  m_ObjectHideFlags: 1
  m_PrefabParentObject: {fileID: 0}
  m_PrefabInternal: {fileID: 100100000}
  m_GameObject: {fileID: 115810}
  m_Enabled: 0
  m_CastShadows: 1
  m_ReceiveShadows: 1
  m_Materials:
  - {fileID: 2100000, guid: a1a75ab620f0caa4a8fd4f0a5cf45872, type: 2}
  m_SubsetIndices: 
  m_StaticBatchRoot: {fileID: 0}
  m_UseLightProbes: 1
  m_ReflectionProbeUsage: 1
  m_ProbeAnchor: {fileID: 0}
  m_ScaleInLightmap: 1
  m_PreserveUVs: 0
  m_ImportantGI: 0
  m_AutoUVMaxDistance: .5
  m_AutoUVMaxAngle: 89
  m_LightmapParameters: {fileID: 0}
  m_SortingLayerID: 0
  m_SortingOrder: 0
  serializedVersion: 2
  m_Quality: 0
  m_UpdateWhenOffscreen: 0
  m_Mesh: {fileID: 4300010, guid: 076ef8b3c629240408bf237a83f1c321, type: 3}
  m_Bones:
  - {fileID: 458480}
  m_BlendShapeWeights: []
  m_RootBone: {fileID: 458480}
  m_AABB:
    m_Center: {x: -.158703178, y: -.0143104494, z: -.00053408742}
    m_Extent: {x: .439411908, y: .295418561, z: .288213313}
  m_DirtyAABB: 0
--- !u!137 &13777552
SkinnedMeshRenderer:
  m_ObjectHideFlags: 1
  m_PrefabParentObject: {fileID: 0}
  m_PrefabInternal: {fileID: 100100000}
  m_GameObject: {fileID: 151592}
  m_Enabled: 0
  m_CastShadows: 1
  m_ReceiveShadows: 1
  m_Materials:
  - {fileID: 2100000, guid: a1a75ab620f0caa4a8fd4f0a5cf45872, type: 2}
  m_SubsetIndices: 
  m_StaticBatchRoot: {fileID: 0}
  m_UseLightProbes: 1
  m_ReflectionProbeUsage: 1
  m_ProbeAnchor: {fileID: 0}
  m_ScaleInLightmap: 1
  m_PreserveUVs: 0
  m_ImportantGI: 0
  m_AutoUVMaxDistance: .5
  m_AutoUVMaxAngle: 89
  m_LightmapParameters: {fileID: 0}
  m_SortingLayerID: 0
  m_SortingOrder: 0
  serializedVersion: 2
  m_Quality: 0
  m_UpdateWhenOffscreen: 0
  m_Mesh: {fileID: 4300018, guid: 076ef8b3c629240408bf237a83f1c321, type: 3}
  m_Bones:
  - {fileID: 458480}
  m_BlendShapeWeights: []
  m_RootBone: {fileID: 458480}
  m_AABB:
    m_Center: {x: -.19003579, y: .002081424, z: -.000187128782}
    m_Extent: {x: .437615186, y: .311822593, z: .291857541}
  m_DirtyAABB: 0
--- !u!137 &13782398
SkinnedMeshRenderer:
  m_ObjectHideFlags: 1
  m_PrefabParentObject: {fileID: 0}
  m_PrefabInternal: {fileID: 100100000}
  m_GameObject: {fileID: 125938}
  m_Enabled: 0
  m_CastShadows: 1
  m_ReceiveShadows: 1
  m_Materials:
  - {fileID: 2100000, guid: a1a75ab620f0caa4a8fd4f0a5cf45872, type: 2}
  m_SubsetIndices: 
  m_StaticBatchRoot: {fileID: 0}
  m_UseLightProbes: 1
  m_ReflectionProbeUsage: 1
  m_ProbeAnchor: {fileID: 0}
  m_ScaleInLightmap: 1
  m_PreserveUVs: 0
  m_ImportantGI: 0
  m_AutoUVMaxDistance: .5
  m_AutoUVMaxAngle: 89
  m_LightmapParameters: {fileID: 0}
  m_SortingLayerID: 0
  m_SortingOrder: 0
  serializedVersion: 2
  m_Quality: 0
  m_UpdateWhenOffscreen: 0
  m_Mesh: {fileID: 4300016, guid: 076ef8b3c629240408bf237a83f1c321, type: 3}
  m_Bones:
  - {fileID: 458480}
  m_BlendShapeWeights: []
  m_RootBone: {fileID: 458480}
  m_AABB:
    m_Center: {x: -.342081964, y: -.0538460612, z: -.000392228365}
    m_Extent: {x: .381175816, y: .331396341, z: .385277599}
  m_DirtyAABB: 0
--- !u!137 &13785418
SkinnedMeshRenderer:
  m_ObjectHideFlags: 1
  m_PrefabParentObject: {fileID: 0}
  m_PrefabInternal: {fileID: 100100000}
  m_GameObject: {fileID: 126432}
  m_Enabled: 0
  m_CastShadows: 1
  m_ReceiveShadows: 1
  m_Materials:
  - {fileID: 2100000, guid: a1a75ab620f0caa4a8fd4f0a5cf45872, type: 2}
  m_SubsetIndices: 
  m_StaticBatchRoot: {fileID: 0}
  m_UseLightProbes: 1
  m_ReflectionProbeUsage: 1
  m_ProbeAnchor: {fileID: 0}
  m_ScaleInLightmap: 1
  m_PreserveUVs: 0
  m_ImportantGI: 0
  m_AutoUVMaxDistance: .5
  m_AutoUVMaxAngle: 89
  m_LightmapParameters: {fileID: 0}
  m_SortingLayerID: 0
  m_SortingOrder: 0
  serializedVersion: 2
  m_Quality: 0
  m_UpdateWhenOffscreen: 0
  m_Mesh: {fileID: 4300006, guid: 076ef8b3c629240408bf237a83f1c321, type: 3}
  m_Bones:
  - {fileID: 476804}
  m_BlendShapeWeights: []
  m_RootBone: {fileID: 476804}
  m_AABB:
    m_Center: {x: -.261515915, y: -.000612512231, z: -.0505298004}
    m_Extent: {x: .510272086, y: .0894129425, z: .203290433}
  m_DirtyAABB: 0
--- !u!137 &13799718
SkinnedMeshRenderer:
  m_ObjectHideFlags: 1
  m_PrefabParentObject: {fileID: 0}
  m_PrefabInternal: {fileID: 100100000}
  m_GameObject: {fileID: 154784}
  m_Enabled: 0
  m_CastShadows: 1
  m_ReceiveShadows: 1
  m_Materials:
  - {fileID: 2100000, guid: a1a75ab620f0caa4a8fd4f0a5cf45872, type: 2}
  m_SubsetIndices: 
  m_StaticBatchRoot: {fileID: 0}
  m_UseLightProbes: 1
  m_ReflectionProbeUsage: 1
  m_ProbeAnchor: {fileID: 0}
  m_ScaleInLightmap: 1
  m_PreserveUVs: 0
  m_ImportantGI: 0
  m_AutoUVMaxDistance: .5
  m_AutoUVMaxAngle: 89
  m_LightmapParameters: {fileID: 0}
  m_SortingLayerID: 0
  m_SortingOrder: 0
  serializedVersion: 2
  m_Quality: 0
  m_UpdateWhenOffscreen: 0
  m_Mesh: {fileID: 4300014, guid: 076ef8b3c629240408bf237a83f1c321, type: 3}
  m_Bones:
  - {fileID: 458480}
  m_BlendShapeWeights: []
  m_RootBone: {fileID: 458480}
  m_AABB:
    m_Center: {x: -.358547121, y: -.0277021229, z: -.000421822071}
    m_Extent: {x: .397641152, y: .300266713, z: .288187802}
  m_DirtyAABB: 0
--- !u!1001 &100100000
Prefab:
  m_ObjectHideFlags: 1
  serializedVersion: 2
  m_Modification:
    m_TransformParent: {fileID: 0}
    m_Modifications: []
    m_RemovedComponents: []
  m_ParentPrefab: {fileID: 0}
  m_RootGameObject: {fileID: 169536}
  m_IsPrefabParent: 1
