%YAML 1.1
%TAG !u! tag:unity3d.com,2011:
--- !u!1 &101568
GameObject:
  m_ObjectHideFlags: 1
  m_PrefabParentObject: {fileID: 0}
  m_PrefabInternal: {fileID: 100100000}
  serializedVersion: 4
  m_Component:
  - 4: {fileID: 403804}
  m_Layer: 0
  m_Name: Bip01 L Thigh
  m_TagString: Untagged
  m_Icon: {fileID: 0}
  m_NavMeshLayer: 0
  m_StaticEditorFlags: 0
  m_IsActive: 1
--- !u!1 &102060
GameObject:
  m_ObjectHideFlags: 1
  m_PrefabParentObject: {fileID: 0}
  m_PrefabInternal: {fileID: 100100000}
  serializedVersion: 4
  m_Component:
  - 4: {fileID: 410218}
  m_Layer: 0
  m_Name: Bip01 R Forearm
  m_TagString: Untagged
  m_Icon: {fileID: 0}
  m_NavMeshLayer: 0
  m_StaticEditorFlags: 0
  m_IsActive: 1
--- !u!1 &104282
GameObject:
  m_ObjectHideFlags: 0
  m_PrefabParentObject: {fileID: 0}
  m_PrefabInternal: {fileID: 100100000}
  serializedVersion: 4
  m_Component:
  - 4: {fileID: 446046}
  - 137: {fileID: 13745004}
  m_Layer: 0
  m_Name: Warlock_head
  m_TagString: Untagged
  m_Icon: {fileID: 0}
  m_NavMeshLayer: 0
  m_StaticEditorFlags: 0
  m_IsActive: 1
--- !u!1 &104412
GameObject:
  m_ObjectHideFlags: 0
  m_PrefabParentObject: {fileID: 0}
  m_PrefabInternal: {fileID: 100100000}
  serializedVersion: 4
  m_Component:
  - 4: {fileID: 464474}
  - 137: {fileID: 13740516}
  m_Layer: 0
  m_Name: _head-06
  m_TagString: Untagged
  m_Icon: {fileID: 0}
  m_NavMeshLayer: 0
  m_StaticEditorFlags: 0
  m_IsActive: 1
--- !u!1 &106676
GameObject:
  m_ObjectHideFlags: 1
  m_PrefabParentObject: {fileID: 0}
  m_PrefabInternal: {fileID: 100100000}
  serializedVersion: 4
  m_Component:
  - 4: {fileID: 482306}
  m_Layer: 0
  m_Name: Hand-left_Bone
  m_TagString: Untagged
  m_Icon: {fileID: 0}
  m_NavMeshLayer: 0
  m_StaticEditorFlags: 0
  m_IsActive: 1
--- !u!1 &110346
GameObject:
  m_ObjectHideFlags: 1
  m_PrefabParentObject: {fileID: 0}
  m_PrefabInternal: {fileID: 100100000}
  serializedVersion: 4
  m_Component:
  - 4: {fileID: 407360}
  m_Layer: 0
  m_Name: Bip01 L Calf
  m_TagString: Untagged
  m_Icon: {fileID: 0}
  m_NavMeshLayer: 0
  m_StaticEditorFlags: 0
  m_IsActive: 1
--- !u!1 &111382
GameObject:
  m_ObjectHideFlags: 1
  m_PrefabParentObject: {fileID: 0}
  m_PrefabInternal: {fileID: 100100000}
  serializedVersion: 4
  m_Component:
  - 4: {fileID: 429328}
  m_Layer: 0
  m_Name: Bip01 L Foot
  m_TagString: Untagged
  m_Icon: {fileID: 0}
  m_NavMeshLayer: 0
  m_StaticEditorFlags: 0
  m_IsActive: 1
--- !u!1 &112970
GameObject:
  m_ObjectHideFlags: 0
  m_PrefabParentObject: {fileID: 0}
  m_PrefabInternal: {fileID: 100100000}
  serializedVersion: 4
  m_Component:
  - 4: {fileID: 414432}
  - 137: {fileID: 13700596}
  m_Layer: 0
  m_Name: _head-01
  m_TagString: Untagged
  m_Icon: {fileID: 0}
  m_NavMeshLayer: 0
  m_StaticEditorFlags: 0
  m_IsActive: 1
--- !u!1 &116806
GameObject:
  m_ObjectHideFlags: 1
  m_PrefabParentObject: {fileID: 0}
  m_PrefabInternal: {fileID: 100100000}
  serializedVersion: 4
  m_Component:
  - 4: {fileID: 487846}
  m_Layer: 0
  m_Name: Bip01 R Finger0
  m_TagString: Untagged
  m_Icon: {fileID: 0}
  m_NavMeshLayer: 0
  m_StaticEditorFlags: 0
  m_IsActive: 1
--- !u!1 &119066
GameObject:
  m_ObjectHideFlags: 0
  m_PrefabParentObject: {fileID: 0}
  m_PrefabInternal: {fileID: 100100000}
  serializedVersion: 4
  m_Component:
  - 4: {fileID: 470314}
  - 137: {fileID: 13732366}
  m_Layer: 0
  m_Name: Mage_book
  m_TagString: Untagged
  m_Icon: {fileID: 0}
  m_NavMeshLayer: 0
  m_StaticEditorFlags: 0
  m_IsActive: 1
--- !u!1 &121100
GameObject:
  m_ObjectHideFlags: 1
  m_PrefabParentObject: {fileID: 0}
  m_PrefabInternal: {fileID: 100100000}
  serializedVersion: 4
  m_Component:
  - 4: {fileID: 474786}
  m_Layer: 0
  m_Name: Bip01 Head
  m_TagString: Untagged
  m_Icon: {fileID: 0}
  m_NavMeshLayer: 0
  m_StaticEditorFlags: 0
  m_IsActive: 1
--- !u!1 &121428
GameObject:
  m_ObjectHideFlags: 1
  m_PrefabParentObject: {fileID: 0}
  m_PrefabInternal: {fileID: 100100000}
  serializedVersion: 4
  m_Component:
  - 4: {fileID: 402900}
  m_Layer: 0
  m_Name: Bip01 R Calf
  m_TagString: Untagged
  m_Icon: {fileID: 0}
  m_NavMeshLayer: 0
  m_StaticEditorFlags: 0
  m_IsActive: 1
--- !u!1 &128990
GameObject:
  m_ObjectHideFlags: 1
  m_PrefabParentObject: {fileID: 0}
  m_PrefabInternal: {fileID: 100100000}
  serializedVersion: 4
  m_Component:
  - 4: {fileID: 457968}
  m_Layer: 0
  m_Name: Bip01 R Clavicle
  m_TagString: Untagged
  m_Icon: {fileID: 0}
  m_NavMeshLayer: 0
  m_StaticEditorFlags: 0
  m_IsActive: 1
--- !u!1 &133806
GameObject:
  m_ObjectHideFlags: 0
  m_PrefabParentObject: {fileID: 0}
  m_PrefabInternal: {fileID: 100100000}
  serializedVersion: 4
  m_Component:
  - 4: {fileID: 481812}
  - 137: {fileID: 13737424}
  m_Layer: 0
  m_Name: _head-05
  m_TagString: Untagged
  m_Icon: {fileID: 0}
  m_NavMeshLayer: 0
  m_StaticEditorFlags: 0
  m_IsActive: 1
--- !u!1 &134596
GameObject:
  m_ObjectHideFlags: 0
  m_PrefabParentObject: {fileID: 0}
  m_PrefabInternal: {fileID: 100100000}
  serializedVersion: 4
  m_Component:
  - 4: {fileID: 434416}
  - 137: {fileID: 13744132}
  m_Layer: 0
  m_Name: mage_body
  m_TagString: Untagged
  m_Icon: {fileID: 0}
  m_NavMeshLayer: 0
  m_StaticEditorFlags: 0
  m_IsActive: 1
--- !u!1 &135476
GameObject:
  m_ObjectHideFlags: 1
  m_PrefabParentObject: {fileID: 0}
  m_PrefabInternal: {fileID: 100100000}
  serializedVersion: 4
  m_Component:
  - 4: {fileID: 409300}
  m_Layer: 0
  m_Name: Bip01 R Hand
  m_TagString: Untagged
  m_Icon: {fileID: 0}
  m_NavMeshLayer: 0
  m_StaticEditorFlags: 0
  m_IsActive: 1
--- !u!1 &143828
GameObject:
  m_ObjectHideFlags: 0
  m_PrefabParentObject: {fileID: 0}
  m_PrefabInternal: {fileID: 100100000}
  serializedVersion: 4
  m_Component:
  - 4: {fileID: 477128}
  - 137: {fileID: 13767794}
  m_Layer: 0
  m_Name: Warlock_staff
  m_TagString: Untagged
  m_Icon: {fileID: 0}
  m_NavMeshLayer: 0
  m_StaticEditorFlags: 0
  m_IsActive: 1
--- !u!1 &143848
GameObject:
  m_ObjectHideFlags: 1
  m_PrefabParentObject: {fileID: 0}
  m_PrefabInternal: {fileID: 100100000}
  serializedVersion: 4
  m_Component:
  - 4: {fileID: 475992}
  m_Layer: 0
  m_Name: Bip01 Spine
  m_TagString: Untagged
  m_Icon: {fileID: 0}
  m_NavMeshLayer: 0
  m_StaticEditorFlags: 0
  m_IsActive: 1
--- !u!1 &150210
GameObject:
  m_ObjectHideFlags: 1
  m_PrefabParentObject: {fileID: 0}
  m_PrefabInternal: {fileID: 100100000}
  serializedVersion: 4
  m_Component:
  - 4: {fileID: 433208}
  m_Layer: 0
  m_Name: Bip01 L UpperArm
  m_TagString: Untagged
  m_Icon: {fileID: 0}
  m_NavMeshLayer: 0
  m_StaticEditorFlags: 0
  m_IsActive: 1
--- !u!1 &151648
GameObject:
  m_ObjectHideFlags: 1
  m_PrefabParentObject: {fileID: 0}
  m_PrefabInternal: {fileID: 100100000}
  serializedVersion: 4
  m_Component:
  - 4: {fileID: 463044}
  m_Layer: 0
  m_Name: Bip01 R UpperArm
  m_TagString: Untagged
  m_Icon: {fileID: 0}
  m_NavMeshLayer: 0
  m_StaticEditorFlags: 0
  m_IsActive: 1
--- !u!1 &151886
GameObject:
  m_ObjectHideFlags: 0
  m_PrefabParentObject: {fileID: 0}
  m_PrefabInternal: {fileID: 100100000}
  serializedVersion: 4
  m_Component:
  - 4: {fileID: 484972}
  - 137: {fileID: 13761632}
  m_Layer: 0
  m_Name: Mage_staff
  m_TagString: Untagged
  m_Icon: {fileID: 0}
  m_NavMeshLayer: 0
  m_StaticEditorFlags: 0
  m_IsActive: 1
--- !u!1 &153290
GameObject:
  m_ObjectHideFlags: 1
  m_PrefabParentObject: {fileID: 0}
  m_PrefabInternal: {fileID: 100100000}
  serializedVersion: 4
  m_Component:
  - 4: {fileID: 497302}
  m_Layer: 0
  m_Name: Bip01 Neck
  m_TagString: Untagged
  m_Icon: {fileID: 0}
  m_NavMeshLayer: 0
  m_StaticEditorFlags: 0
  m_IsActive: 1
--- !u!1 &155562
GameObject:
  m_ObjectHideFlags: 0
  m_PrefabParentObject: {fileID: 0}
  m_PrefabInternal: {fileID: 100100000}
  serializedVersion: 4
  m_Component:
  - 4: {fileID: 422446}
  - 137: {fileID: 13793792}
  m_Layer: 0
  m_Name: _rh-sword
  m_TagString: Untagged
  m_Icon: {fileID: 0}
  m_NavMeshLayer: 0
  m_StaticEditorFlags: 0
  m_IsActive: 1
--- !u!1 &156466
GameObject:
  m_ObjectHideFlags: 0
  m_PrefabParentObject: {fileID: 0}
  m_PrefabInternal: {fileID: 100100000}
  serializedVersion: 4
  m_Component:
  - 4: {fileID: 428310}
  - 137: {fileID: 13737250}
  m_Layer: 0
  m_Name: Sister_head
  m_TagString: Untagged
  m_Icon: {fileID: 0}
  m_NavMeshLayer: 0
  m_StaticEditorFlags: 0
  m_IsActive: 1
--- !u!1 &157788
GameObject:
  m_ObjectHideFlags: 1
  m_PrefabParentObject: {fileID: 0}
  m_PrefabInternal: {fileID: 100100000}
  serializedVersion: 4
  m_Component:
  - 4: {fileID: 403182}
  m_Layer: 0
  m_Name: Bip01 L Forearm
  m_TagString: Untagged
  m_Icon: {fileID: 0}
  m_NavMeshLayer: 0
  m_StaticEditorFlags: 0
  m_IsActive: 1
--- !u!1 &159188
GameObject:
  m_ObjectHideFlags: 0
  m_PrefabParentObject: {fileID: 0}
  m_PrefabInternal: {fileID: 100100000}
  serializedVersion: 4
  m_Component:
  - 4: {fileID: 489522}
  - 137: {fileID: 13798634}
  m_Layer: 0
  m_Name: _lh-green-bottle
  m_TagString: Untagged
  m_Icon: {fileID: 0}
  m_NavMeshLayer: 0
  m_StaticEditorFlags: 0
  m_IsActive: 1
--- !u!1 &162678
GameObject:
  m_ObjectHideFlags: 1
  m_PrefabParentObject: {fileID: 0}
  m_PrefabInternal: {fileID: 100100000}
  serializedVersion: 4
  m_Component:
  - 4: {fileID: 419312}
  m_Layer: 0
  m_Name: Bip01 Pelvis
  m_TagString: Untagged
  m_Icon: {fileID: 0}
  m_NavMeshLayer: 0
  m_StaticEditorFlags: 0
  m_IsActive: 1
--- !u!1 &162688
GameObject:
  m_ObjectHideFlags: 1
  m_PrefabParentObject: {fileID: 0}
  m_PrefabInternal: {fileID: 100100000}
  serializedVersion: 4
  m_Component:
  - 4: {fileID: 428104}
  m_Layer: 0
  m_Name: Bip01 L Hand
  m_TagString: Untagged
  m_Icon: {fileID: 0}
  m_NavMeshLayer: 0
  m_StaticEditorFlags: 0
  m_IsActive: 1
--- !u!1 &163796
GameObject:
  m_ObjectHideFlags: 1
  m_PrefabParentObject: {fileID: 0}
  m_PrefabInternal: {fileID: 100100000}
  serializedVersion: 4
  m_Component:
  - 4: {fileID: 494812}
  m_Layer: 0
  m_Name: Bip01 R Foot
  m_TagString: Untagged
  m_Icon: {fileID: 0}
  m_NavMeshLayer: 0
  m_StaticEditorFlags: 0
  m_IsActive: 1
--- !u!1 &165688
GameObject:
  m_ObjectHideFlags: 0
  m_PrefabParentObject: {fileID: 0}
  m_PrefabInternal: {fileID: 100100000}
  serializedVersion: 4
  m_Component:
  - 4: {fileID: 434736}
  - 137: {fileID: 13716766}
  m_Layer: 0
  m_Name: _rh-wand
  m_TagString: Untagged
  m_Icon: {fileID: 0}
  m_NavMeshLayer: 0
  m_StaticEditorFlags: 0
  m_IsActive: 1
--- !u!1 &172502
GameObject:
  m_ObjectHideFlags: 1
  m_PrefabParentObject: {fileID: 0}
  m_PrefabInternal: {fileID: 100100000}
  serializedVersion: 4
  m_Component:
  - 4: {fileID: 408078}
  m_Layer: 0
  m_Name: Bip01 L Finger0
  m_TagString: Untagged
  m_Icon: {fileID: 0}
  m_NavMeshLayer: 0
  m_StaticEditorFlags: 0
  m_IsActive: 1
--- !u!1 &180296
GameObject:
  m_ObjectHideFlags: 0
  m_PrefabParentObject: {fileID: 0}
  m_PrefabInternal: {fileID: 100100000}
  serializedVersion: 4
  m_Component:
  - 4: {fileID: 401892}
  - 137: {fileID: 13775574}
  m_Layer: 0
  m_Name: Sister_bottle
  m_TagString: Untagged
  m_Icon: {fileID: 0}
  m_NavMeshLayer: 0
  m_StaticEditorFlags: 0
  m_IsActive: 1
--- !u!1 &186696
GameObject:
  m_ObjectHideFlags: 0
  m_PrefabParentObject: {fileID: 0}
  m_PrefabInternal: {fileID: 100100000}
  serializedVersion: 4
  m_Component:
  - 4: {fileID: 419388}
  - 137: {fileID: 13724086}
  m_Layer: 0
  m_Name: Sister_staff
  m_TagString: Untagged
  m_Icon: {fileID: 0}
  m_NavMeshLayer: 0
  m_StaticEditorFlags: 0
  m_IsActive: 1
--- !u!1 &188760
GameObject:
  m_ObjectHideFlags: 1
  m_PrefabParentObject: {fileID: 0}
  m_PrefabInternal: {fileID: 100100000}
  serializedVersion: 4
  m_Component:
  - 4: {fileID: 452986}
  m_Layer: 0
  m_Name: Bip01 L Toe0
  m_TagString: Untagged
  m_Icon: {fileID: 0}
  m_NavMeshLayer: 0
  m_StaticEditorFlags: 0
  m_IsActive: 1
--- !u!1 &189804
GameObject:
  m_ObjectHideFlags: 1
  m_PrefabParentObject: {fileID: 0}
  m_PrefabInternal: {fileID: 100100000}
  serializedVersion: 4
  m_Component:
  - 4: {fileID: 467934}
  m_Layer: 0
  m_Name: Bip01 L Clavicle
  m_TagString: Untagged
  m_Icon: {fileID: 0}
  m_NavMeshLayer: 0
  m_StaticEditorFlags: 0
  m_IsActive: 1
--- !u!1 &190266
GameObject:
  m_ObjectHideFlags: 0
  m_PrefabParentObject: {fileID: 0}
  m_PrefabInternal: {fileID: 100100000}
  serializedVersion: 4
  m_Component:
  - 4: {fileID: 405240}
  - 95: {fileID: 9579548}
  - 114: {fileID: 11457002}
  - 114: {fileID: 11403034}
  m_Layer: 0
  m_Name: Warlock
  m_TagString: Untagged
  m_Icon: {fileID: 0}
  m_NavMeshLayer: 0
  m_StaticEditorFlags: 0
  m_IsActive: 1
--- !u!1 &190502
GameObject:
  m_ObjectHideFlags: 1
  m_PrefabParentObject: {fileID: 0}
  m_PrefabInternal: {fileID: 100100000}
  serializedVersion: 4
  m_Component:
  - 4: {fileID: 471914}
  m_Layer: 0
  m_Name: Bip01 R Thigh
  m_TagString: Untagged
  m_Icon: {fileID: 0}
  m_NavMeshLayer: 0
  m_StaticEditorFlags: 0
  m_IsActive: 1
--- !u!1 &191208
GameObject:
  m_ObjectHideFlags: 0
  m_PrefabParentObject: {fileID: 0}
  m_PrefabInternal: {fileID: 100100000}
  serializedVersion: 4
  m_Component:
  - 4: {fileID: 419668}
  - 137: {fileID: 13759690}
  m_Layer: 0
  m_Name: Mage_head
  m_TagString: Untagged
  m_Icon: {fileID: 0}
  m_NavMeshLayer: 0
  m_StaticEditorFlags: 0
  m_IsActive: 1
--- !u!1 &192822
GameObject:
  m_ObjectHideFlags: 1
  m_PrefabParentObject: {fileID: 0}
  m_PrefabInternal: {fileID: 100100000}
  serializedVersion: 4
  m_Component:
  - 4: {fileID: 437076}
  m_Layer: 0
  m_Name: Hand-right_Bone
  m_TagString: Untagged
  m_Icon: {fileID: 0}
  m_NavMeshLayer: 0
  m_StaticEditorFlags: 0
  m_IsActive: 1
--- !u!1 &194616
GameObject:
  m_ObjectHideFlags: 1
  m_PrefabParentObject: {fileID: 0}
  m_PrefabInternal: {fileID: 100100000}
  serializedVersion: 4
  m_Component:
  - 4: {fileID: 426684}
  m_Layer: 0
  m_Name: Bip01 R Toe0
  m_TagString: Untagged
  m_Icon: {fileID: 0}
  m_NavMeshLayer: 0
  m_StaticEditorFlags: 0
  m_IsActive: 1
--- !u!1 &199518
GameObject:
  m_ObjectHideFlags: 0
  m_PrefabParentObject: {fileID: 0}
  m_PrefabInternal: {fileID: 100100000}
  serializedVersion: 4
  m_Component:
  - 4: {fileID: 417758}
  m_Layer: 0
  m_Name: Bip01
  m_TagString: Untagged
  m_Icon: {fileID: 0}
  m_NavMeshLayer: 0
  m_StaticEditorFlags: 0
  m_IsActive: 1
--- !u!4 &401892
Transform:
  m_ObjectHideFlags: 1
  m_PrefabParentObject: {fileID: 0}
  m_PrefabInternal: {fileID: 100100000}
  m_GameObject: {fileID: 180296}
  m_LocalRotation: {x: -.388978362, y: .591401994, z: .42639342, w: .563141346}
  m_LocalPosition: {x: -.505623758, y: .254679501, z: .0389860868}
  m_LocalScale: {x: 1.00000012, y: 1, z: 1}
  m_Children: []
  m_Father: {fileID: 405240}
  m_RootOrder: 6
--- !u!4 &402900
Transform:
  m_ObjectHideFlags: 1
  m_PrefabParentObject: {fileID: 0}
  m_PrefabInternal: {fileID: 100100000}
  m_GameObject: {fileID: 121428}
  m_LocalRotation: {x: 1.50007018e-09, y: -7.54132201e-10, z: .12186864, w: .99254626}
  m_LocalPosition: {x: -.119522855, y: 7.4505806e-09, z: -1.49011612e-08}
  m_LocalScale: {x: .99999994, y: .99999994, z: 1.00000012}
  m_Children:
  - {fileID: 494812}
  m_Father: {fileID: 471914}
  m_RootOrder: 0
--- !u!4 &403182
Transform:
  m_ObjectHideFlags: 1
  m_PrefabParentObject: {fileID: 0}
  m_PrefabInternal: {fileID: 100100000}
  m_GameObject: {fileID: 157788}
  m_LocalRotation: {x: 6.4862743e-10, y: -8.94046224e-08, z: .00725477515, w: .999973714}
  m_LocalPosition: {x: -.190601647, y: 7.4505806e-09, z: 0}
  m_LocalScale: {x: 1, y: 1.00000036, z: .999999881}
  m_Children:
  - {fileID: 428104}
  m_Father: {fileID: 433208}
  m_RootOrder: 0
--- !u!4 &403804
Transform:
  m_ObjectHideFlags: 1
  m_PrefabParentObject: {fileID: 0}
  m_PrefabInternal: {fileID: 100100000}
  m_GameObject: {fileID: 101568}
  m_LocalRotation: {x: -.0354336463, y: .999329388, z: .0043067378, w: .00816288125}
  m_LocalPosition: {x: .0781526864, y: .00350192189, z: .120369211}
  m_LocalScale: {x: 1, y: 1.00000024, z: 1.00000024}
  m_Children:
  - {fileID: 407360}
  m_Father: {fileID: 475992}
  m_RootOrder: 0
--- !u!4 &405240
Transform:
  m_ObjectHideFlags: 1
  m_PrefabParentObject: {fileID: 0}
  m_PrefabInternal: {fileID: 100100000}
  m_GameObject: {fileID: 190266}
  m_LocalRotation: {x: 0, y: 0, z: 0, w: 1}
  m_LocalPosition: {x: -5.89950752, y: 0, z: -.900658727}
  m_LocalScale: {x: .699999988, y: .699999988, z: .699999988}
  m_Children:
  - {fileID: 414432}
  - {fileID: 446046}
  - {fileID: 428310}
  - {fileID: 419668}
  - {fileID: 481812}
  - {fileID: 464474}
  - {fileID: 401892}
  - {fileID: 470314}
  - {fileID: 489522}
  - {fileID: 484972}
  - {fileID: 419388}
  - {fileID: 477128}
  - {fileID: 422446}
  - {fileID: 434736}
  - {fileID: 417758}
  - {fileID: 434416}
  m_Father: {fileID: 0}
  m_RootOrder: 0
--- !u!4 &407360
Transform:
  m_ObjectHideFlags: 1
  m_PrefabParentObject: {fileID: 0}
  m_PrefabInternal: {fileID: 100100000}
  m_GameObject: {fileID: 110346}
  m_LocalRotation: {x: 8.10799705e-10, y: 1.03794318e-09, z: .121946767, w: .992536664}
  m_LocalPosition: {x: -.119522825, y: 1.49011612e-08, z: 1.49011612e-08}
  m_LocalScale: {x: 1.00000036, y: 1.00000036, z: 1.00000024}
  m_Children:
  - {fileID: 429328}
  m_Father: {fileID: 403804}
  m_RootOrder: 0
--- !u!4 &408078
Transform:
  m_ObjectHideFlags: 1
  m_PrefabParentObject: {fileID: 0}
  m_PrefabInternal: {fileID: 100100000}
  m_GameObject: {fileID: 172502}
  m_LocalRotation: {x: -.000398159085, y: -1.87451099e-09, z: 2.98015781e-08, w: .99999994}
  m_LocalPosition: {x: -.209059179, y: -1.78813934e-07, z: -7.4505806e-09}
  m_LocalScale: {x: 1, y: .999999881, z: 1}
  m_Children: []
  m_Father: {fileID: 428104}
  m_RootOrder: 0
--- !u!4 &409300
Transform:
  m_ObjectHideFlags: 1
  m_PrefabParentObject: {fileID: 0}
  m_PrefabInternal: {fileID: 100100000}
  m_GameObject: {fileID: 135476}
  m_LocalRotation: {x: .706307948, y: .0354085863, z: -.0402707979, w: .705870807}
  m_LocalPosition: {x: -.138749063, y: 0, z: 1.1920929e-07}
  m_LocalScale: {x: 1, y: .999999821, z: .999999881}
  m_Children:
  - {fileID: 487846}
  - {fileID: 437076}
  m_Father: {fileID: 410218}
  m_RootOrder: 0
--- !u!4 &410218
Transform:
  m_ObjectHideFlags: 1
  m_PrefabParentObject: {fileID: 0}
  m_PrefabInternal: {fileID: 100100000}
  m_GameObject: {fileID: 102060}
  m_LocalRotation: {x: 2.07880535e-09, y: -2.97880316e-08, z: .00725477841, w: .999973714}
  m_LocalPosition: {x: -.190601557, y: 3.7252903e-09, z: 0}
  m_LocalScale: {x: .999999821, y: 1.00000012, z: 1}
  m_Children:
  - {fileID: 409300}
  m_Father: {fileID: 463044}
  m_RootOrder: 0
--- !u!4 &414432
Transform:
  m_ObjectHideFlags: 1
  m_PrefabParentObject: {fileID: 0}
  m_PrefabInternal: {fileID: 100100000}
  m_GameObject: {fileID: 112970}
  m_LocalRotation: {x: -.707106829, y: 0, z: -0, w: .707106829}
  m_LocalPosition: {x: 0, y: .789562702, z: .144937575}
  m_LocalScale: {x: 1, y: 1, z: 1}
  m_Children: []
  m_Father: {fileID: 405240}
  m_RootOrder: 0
--- !u!4 &417758
Transform:
  m_ObjectHideFlags: 1
  m_PrefabParentObject: {fileID: 0}
  m_PrefabInternal: {fileID: 100100000}
  m_GameObject: {fileID: 199518}
  m_LocalRotation: {x: -.500000477, y: .499999583, z: .499999583, w: .500000477}
  m_LocalPosition: {x: 0, y: .326102674, z: .0240325928}
  m_LocalScale: {x: 1, y: 1, z: 1}
  m_Children:
  - {fileID: 419312}
  m_Father: {fileID: 405240}
  m_RootOrder: 14
--- !u!4 &419312
Transform:
  m_ObjectHideFlags: 1
  m_PrefabParentObject: {fileID: 0}
  m_PrefabInternal: {fileID: 100100000}
  m_GameObject: {fileID: 162678}
  m_LocalRotation: {x: .506515265, y: -.493398786, z: -.506515265, w: -.493398786}
  m_LocalPosition: {x: 0, y: 0, z: 0}
  m_LocalScale: {x: 1, y: .99999994, z: .99999994}
  m_Children:
  - {fileID: 475992}
  m_Father: {fileID: 417758}
  m_RootOrder: 0
--- !u!4 &419388
Transform:
  m_ObjectHideFlags: 1
  m_PrefabParentObject: {fileID: 0}
  m_PrefabInternal: {fileID: 100100000}
  m_GameObject: {fileID: 186696}
  m_LocalRotation: {x: .404223561, y: .582567334, z: -.383005589, w: .592051804}
  m_LocalPosition: {x: .491424739, y: .244154692, z: .0437192768}
  m_LocalScale: {x: .99999994, y: 1, z: 1.00000012}
  m_Children: []
  m_Father: {fileID: 405240}
  m_RootOrder: 10
--- !u!4 &419668
Transform:
  m_ObjectHideFlags: 1
  m_PrefabParentObject: {fileID: 0}
  m_PrefabInternal: {fileID: 100100000}
  m_GameObject: {fileID: 191208}
  m_LocalRotation: {x: -.707106829, y: 0, z: -0, w: .707106829}
  m_LocalPosition: {x: 0, y: .789562702, z: .144937575}
  m_LocalScale: {x: 1, y: 1, z: 1}
  m_Children: []
  m_Father: {fileID: 405240}
  m_RootOrder: 3
--- !u!4 &422446
Transform:
  m_ObjectHideFlags: 1
  m_PrefabParentObject: {fileID: 0}
  m_PrefabInternal: {fileID: 100100000}
  m_GameObject: {fileID: 155562}
  m_LocalRotation: {x: .404223502, y: .582567453, z: -.383005679, w: .592051685}
  m_LocalPosition: {x: .491424739, y: .244154692, z: .0437192768}
  m_LocalScale: {x: .999999762, y: 1.00000036, z: 1}
  m_Children: []
  m_Father: {fileID: 405240}
  m_RootOrder: 12
--- !u!4 &426684
Transform:
  m_ObjectHideFlags: 1
  m_PrefabParentObject: {fileID: 0}
  m_PrefabInternal: {fileID: 100100000}
  m_GameObject: {fileID: 194616}
  m_LocalRotation: {x: -2.63393396e-09, y: -2.63393352e-09, z: -.707106829, w: .707106709}
  m_LocalPosition: {x: -.0940345526, y: .12101841, z: 7.4505806e-09}
  m_LocalScale: {x: 1.00000012, y: 1, z: 1.00000012}
  m_Children: []
  m_Father: {fileID: 494812}
  m_RootOrder: 0
--- !u!4 &428104
Transform:
  m_ObjectHideFlags: 1
  m_PrefabParentObject: {fileID: 0}
  m_PrefabInternal: {fileID: 100100000}
  m_GameObject: {fileID: 162688}
  m_LocalRotation: {x: -.706308007, y: -.0354086421, z: -.0402708612, w: .705870748}
  m_LocalPosition: {x: -.138749123, y: 0, z: 1.1920929e-07}
  m_LocalScale: {x: 1.00000036, y: .999999881, z: 1.00000024}
  m_Children:
  - {fileID: 408078}
  - {fileID: 482306}
  m_Father: {fileID: 403182}
  m_RootOrder: 0
--- !u!4 &428310
Transform:
  m_ObjectHideFlags: 1
  m_PrefabParentObject: {fileID: 0}
  m_PrefabInternal: {fileID: 100100000}
  m_GameObject: {fileID: 156466}
  m_LocalRotation: {x: -.707106829, y: 0, z: -0, w: .707106829}
  m_LocalPosition: {x: 0, y: .789562702, z: .144937575}
  m_LocalScale: {x: 1, y: 1, z: 1}
  m_Children: []
  m_Father: {fileID: 405240}
  m_RootOrder: 2
--- !u!4 &429328
Transform:
  m_ObjectHideFlags: 1
  m_PrefabParentObject: {fileID: 0}
  m_PrefabInternal: {fileID: 100100000}
  m_GameObject: {fileID: 111382}
  m_LocalRotation: {x: -.0407935791, y: .0115974257, z: -.086648874, w: .995335817}
  m_LocalPosition: {x: -.130987704, y: -6.51925802e-09, z: 0}
  m_LocalScale: {x: 1.00000048, y: 1.00000036, z: .999999881}
  m_Children:
  - {fileID: 452986}
  m_Father: {fileID: 407360}
  m_RootOrder: 0
--- !u!4 &433208
Transform:
  m_ObjectHideFlags: 1
  m_PrefabParentObject: {fileID: 0}
  m_PrefabInternal: {fileID: 100100000}
  m_GameObject: {fileID: 150210}
  m_LocalRotation: {x: -.0271245539, y: -.3771483, z: -.0201180261, w: .92553699}
  m_LocalPosition: {x: -.0883495212, y: 1.86264515e-09, z: 0}
  m_LocalScale: {x: .99999994, y: 1.00000024, z: 1}
  m_Children:
  - {fileID: 403182}
  m_Father: {fileID: 467934}
  m_RootOrder: 0
--- !u!4 &434416
Transform:
  m_ObjectHideFlags: 1
  m_PrefabParentObject: {fileID: 0}
  m_PrefabInternal: {fileID: 100100000}
  m_GameObject: {fileID: 134596}
  m_LocalRotation: {x: -.707106829, y: 0, z: -0, w: .707106829}
  m_LocalPosition: {x: 0, y: -.000757217407, z: 0}
  m_LocalScale: {x: 1, y: 1, z: 1}
  m_Children: []
  m_Father: {fileID: 405240}
  m_RootOrder: 15
--- !u!4 &434736
Transform:
  m_ObjectHideFlags: 1
  m_PrefabParentObject: {fileID: 0}
  m_PrefabInternal: {fileID: 100100000}
  m_GameObject: {fileID: 165688}
  m_LocalRotation: {x: .404223323, y: .582567334, z: -.383005559, w: .592051983}
  m_LocalPosition: {x: .491424739, y: .244154692, z: .0437192768}
  m_LocalScale: {x: 1, y: .999999881, z: 1.00000012}
  m_Children: []
  m_Father: {fileID: 405240}
  m_RootOrder: 13
--- !u!4 &437076
Transform:
  m_ObjectHideFlags: 1
  m_PrefabParentObject: {fileID: 0}
  m_PrefabInternal: {fileID: 100100000}
  m_GameObject: {fileID: 192822}
  m_LocalRotation: {x: .701289177, y: -.140522406, z: -.695300162, w: -.0707444996}
  m_LocalPosition: {x: -.146498278, y: .0860792994, z: .0178514123}
  m_LocalScale: {x: 1, y: .999999821, z: .999999881}
  m_Children: []
  m_Father: {fileID: 409300}
  m_RootOrder: 1
--- !u!4 &446046
Transform:
  m_ObjectHideFlags: 1
  m_PrefabParentObject: {fileID: 0}
  m_PrefabInternal: {fileID: 100100000}
  m_GameObject: {fileID: 104282}
  m_LocalRotation: {x: -.707106829, y: 0, z: -0, w: .707106829}
  m_LocalPosition: {x: 0, y: .789562702, z: .144937575}
  m_LocalScale: {x: 1, y: 1, z: 1}
  m_Children: []
  m_Father: {fileID: 405240}
  m_RootOrder: 1
--- !u!4 &452986
Transform:
  m_ObjectHideFlags: 1
  m_PrefabParentObject: {fileID: 0}
  m_PrefabInternal: {fileID: 100100000}
  m_GameObject: {fileID: 188760}
  m_LocalRotation: {x: 1.28202569e-08, y: -1.80885706e-08, z: -.707106829, w: .707106709}
  m_LocalPosition: {x: -.0940345451, y: .121018305, z: -7.4505806e-09}
  m_LocalScale: {x: .999999881, y: .999999881, z: .999999881}
  m_Children: []
  m_Father: {fileID: 429328}
  m_RootOrder: 0
--- !u!4 &457968
Transform:
  m_ObjectHideFlags: 1
  m_PrefabParentObject: {fileID: 0}
  m_PrefabInternal: {fileID: 100100000}
  m_GameObject: {fileID: 128990}
  m_LocalRotation: {x: .69732511, y: .117207848, z: .69732511, w: -.117207848}
  m_LocalPosition: {x: .0527225137, y: -.0426991284, z: -.13962701}
  m_LocalScale: {x: 1, y: 1.00000012, z: 1}
  m_Children:
  - {fileID: 463044}
  m_Father: {fileID: 497302}
  m_RootOrder: 2
--- !u!4 &463044
Transform:
  m_ObjectHideFlags: 1
  m_PrefabParentObject: {fileID: 0}
  m_PrefabInternal: {fileID: 100100000}
  m_GameObject: {fileID: 151648}
  m_LocalRotation: {x: .0271246303, y: .377148241, z: -.0201180559, w: .92553705}
  m_LocalPosition: {x: -.0883495212, y: -1.86264515e-09, z: 0}
  m_LocalScale: {x: .99999994, y: 1.00000024, z: 1}
  m_Children:
  - {fileID: 410218}
  m_Father: {fileID: 457968}
  m_RootOrder: 0
--- !u!4 &464474
Transform:
  m_ObjectHideFlags: 1
  m_PrefabParentObject: {fileID: 0}
  m_PrefabInternal: {fileID: 100100000}
  m_GameObject: {fileID: 104412}
  m_LocalRotation: {x: -.707106829, y: 0, z: -0, w: .707106829}
  m_LocalPosition: {x: 0, y: .789562702, z: .144937575}
  m_LocalScale: {x: 1, y: 1, z: 1}
  m_Children: []
  m_Father: {fileID: 405240}
  m_RootOrder: 5
--- !u!4 &467934
Transform:
  m_ObjectHideFlags: 1
  m_PrefabParentObject: {fileID: 0}
  m_PrefabInternal: {fileID: 100100000}
  m_GameObject: {fileID: 189804}
  m_LocalRotation: {x: .69732511, y: .117207795, z: -.69732511, w: .117207795}
  m_LocalPosition: {x: .0527225137, y: -.0426998734, z: .13962689}
  m_LocalScale: {x: 1, y: 1.00000012, z: 1.00000012}
  m_Children:
  - {fileID: 433208}
  m_Father: {fileID: 497302}
  m_RootOrder: 1
--- !u!4 &470314
Transform:
  m_ObjectHideFlags: 1
  m_PrefabParentObject: {fileID: 0}
  m_PrefabInternal: {fileID: 100100000}
  m_GameObject: {fileID: 119066}
  m_LocalRotation: {x: -.388978362, y: .591401994, z: .42639342, w: .563141346}
  m_LocalPosition: {x: -.505623758, y: .254679501, z: .0389860868}
  m_LocalScale: {x: 1.00000012, y: 1, z: 1}
  m_Children: []
  m_Father: {fileID: 405240}
  m_RootOrder: 7
--- !u!4 &471914
Transform:
  m_ObjectHideFlags: 1
  m_PrefabParentObject: {fileID: 0}
  m_PrefabInternal: {fileID: 100100000}
  m_GameObject: {fileID: 190502}
  m_LocalRotation: {x: -.0353919379, y: .999330878, z: -.00430495525, w: -.00816275366}
  m_LocalPosition: {x: .0781577229, y: -.00281465426, z: -.120369188}
  m_LocalScale: {x: 1, y: 1, z: .999999821}
  m_Children:
  - {fileID: 402900}
  m_Father: {fileID: 475992}
  m_RootOrder: 2
--- !u!4 &474786
Transform:
  m_ObjectHideFlags: 1
  m_PrefabParentObject: {fileID: 0}
  m_PrefabInternal: {fileID: 100100000}
  m_GameObject: {fileID: 121100}
  m_LocalRotation: {x: 4.98088966e-08, y: -3.66620696e-07, z: .134622678, w: .99089694}
  m_LocalPosition: {x: -.0715970397, y: 0, z: -1.13686838e-13}
  m_LocalScale: {x: 1, y: 1, z: 1}
  m_Children: []
  m_Father: {fileID: 497302}
  m_RootOrder: 0
--- !u!4 &475992
Transform:
  m_ObjectHideFlags: 1
  m_PrefabParentObject: {fileID: 0}
  m_PrefabInternal: {fileID: 100100000}
  m_GameObject: {fileID: 143848}
  m_LocalRotation: {x: .0131150959, y: 5.98461156e-06, z: -.000398134696, w: .999913931}
  m_LocalPosition: {x: -.078155458, y: -.000281287357, z: -7.27246515e-06}
  m_LocalScale: {x: 1, y: .999999762, z: .999999702}
  m_Children:
  - {fileID: 403804}
  - {fileID: 497302}
  - {fileID: 471914}
  m_Father: {fileID: 419312}
  m_RootOrder: 0
--- !u!4 &477128
Transform:
  m_ObjectHideFlags: 1
  m_PrefabParentObject: {fileID: 0}
  m_PrefabInternal: {fileID: 100100000}
  m_GameObject: {fileID: 143828}
  m_LocalRotation: {x: .404223561, y: .582567334, z: -.383005589, w: .592051804}
  m_LocalPosition: {x: .491424739, y: .244154692, z: .0437192768}
  m_LocalScale: {x: .99999994, y: 1, z: 1.00000012}
  m_Children: []
  m_Father: {fileID: 405240}
  m_RootOrder: 11
--- !u!4 &481812
Transform:
  m_ObjectHideFlags: 1
  m_PrefabParentObject: {fileID: 0}
  m_PrefabInternal: {fileID: 100100000}
  m_GameObject: {fileID: 133806}
  m_LocalRotation: {x: -.707106829, y: 0, z: -0, w: .707106829}
  m_LocalPosition: {x: 0, y: .789562702, z: .144937575}
  m_LocalScale: {x: 1, y: 1, z: 1}
  m_Children: []
  m_Father: {fileID: 405240}
  m_RootOrder: 4
--- !u!4 &482306
Transform:
  m_ObjectHideFlags: 1
  m_PrefabParentObject: {fileID: 0}
  m_PrefabInternal: {fileID: 100100000}
  m_GameObject: {fileID: 106676}
  m_LocalRotation: {x: .693356693, y: -.168914348, z: .696310222, w: .0766595304}
  m_LocalPosition: {x: -.147429347, y: .0681542754, z: -.0143012255}
  m_LocalScale: {x: .999999881, y: .999999523, z: .999999762}
  m_Children: []
  m_Father: {fileID: 428104}
  m_RootOrder: 1
--- !u!4 &484972
Transform:
  m_ObjectHideFlags: 1
  m_PrefabParentObject: {fileID: 0}
  m_PrefabInternal: {fileID: 100100000}
  m_GameObject: {fileID: 151886}
  m_LocalRotation: {x: .404223561, y: .582567334, z: -.383005589, w: .592051804}
  m_LocalPosition: {x: .491424739, y: .244154692, z: .0437192768}
  m_LocalScale: {x: .99999994, y: 1, z: 1.00000012}
  m_Children: []
  m_Father: {fileID: 405240}
  m_RootOrder: 9
--- !u!4 &487846
Transform:
  m_ObjectHideFlags: 1
  m_PrefabParentObject: {fileID: 0}
  m_PrefabInternal: {fileID: 100100000}
  m_GameObject: {fileID: 116806}
  m_LocalRotation: {x: .000398168399, y: 3.73122377e-09, z: 1.48996788e-08, w: .99999994}
  m_LocalPosition: {x: -.209059134, y: 0, z: 0}
  m_LocalScale: {x: .999999881, y: .99999994, z: 1.00000012}
  m_Children: []
  m_Father: {fileID: 409300}
  m_RootOrder: 0
--- !u!4 &489522
Transform:
  m_ObjectHideFlags: 1
  m_PrefabParentObject: {fileID: 0}
  m_PrefabInternal: {fileID: 100100000}
  m_GameObject: {fileID: 159188}
  m_LocalRotation: {x: -.388978362, y: .591401994, z: .42639342, w: .563141346}
  m_LocalPosition: {x: -.505623758, y: .254679501, z: .0389860868}
  m_LocalScale: {x: 1.00000012, y: 1, z: 1}
  m_Children: []
  m_Father: {fileID: 405240}
  m_RootOrder: 8
--- !u!4 &494812
Transform:
  m_ObjectHideFlags: 1
  m_PrefabParentObject: {fileID: 0}
  m_PrefabInternal: {fileID: 100100000}
  m_GameObject: {fileID: 163796}
  m_LocalRotation: {x: .0407934859, y: -.0115959672, z: -.0866122171, w: .995339036}
  m_LocalPosition: {x: -.130987734, y: 2.79396772e-09, z: 0}
  m_LocalScale: {x: 1.0000006, y: 1.00000024, z: 1.00000024}
  m_Children:
  - {fileID: 426684}
  m_Father: {fileID: 402900}
  m_RootOrder: 0
--- !u!4 &497302
Transform:
  m_ObjectHideFlags: 1
  m_PrefabParentObject: {fileID: 0}
  m_PrefabInternal: {fileID: 100100000}
  m_GameObject: {fileID: 153290}
  m_LocalRotation: {x: 7.88517909e-08, y: 4.70272369e-07, z: -.165364236, w: .986232579}
  m_LocalPosition: {x: -.272960365, y: .0576538369, z: 8.08846607e-08}
  m_LocalScale: {x: .99999994, y: .99999994, z: 1}
  m_Children:
  - {fileID: 474786}
  - {fileID: 467934}
  - {fileID: 457968}
  m_Father: {fileID: 475992}
  m_RootOrder: 1
--- !u!95 &9579548
Animator:
  serializedVersion: 3
  m_ObjectHideFlags: 1
  m_PrefabParentObject: {fileID: 0}
  m_PrefabInternal: {fileID: 100100000}
  m_GameObject: {fileID: 190266}
  m_Enabled: 1
  m_Avatar: {fileID: 9000000, guid: 076ef8b3c629240408bf237a83f1c321, type: 3}
  m_Controller: {fileID: 9100000, guid: f129ddf5c67a82f4aaf8e51175cbff00, type: 2}
  m_CullingMode: 1
  m_UpdateMode: 0
  m_ApplyRootMotion: 0
  m_LinearVelocityBlending: 0
  m_WarningMessage: 
  m_HasTransformHierarchy: 1
  m_AllowConstantClipSamplingOptimization: 1
--- !u!114 &11403034
MonoBehaviour:
  m_ObjectHideFlags: 1
  m_PrefabParentObject: {fileID: 0}
  m_PrefabInternal: {fileID: 100100000}
  m_GameObject: {fileID: 190266}
  m_Enabled: 1
  m_EditorHideFlags: 0
  m_Script: {fileID: 11500000, guid: 75624c21670b9d645917f16d1079c46a, type: 3}
  m_Name: 
  m_EditorClassIdentifier: 
  Id: 0
  Index: 0
  Name: 
  level: 0
  Max_hp: 0
  Cur_hp: 0
  Max_mp: 0
  Cur_mp: 0
  Attack_point: 0
  Def_point: 0
  Range_move: 0
  Rang_at: 0
  Anim: {fileID: 0}
  Target: {fileID: 0}
  Is_selected: 0
  Time_attack: 0
  Audio_source: {fileID: 0}
  Hit_sound: {fileID: 0}
  Dead_sound: {fileID: 0}
  Attack_sound: {fileID: 0}
  State_action: 
  State_char: 
  State_move: 
  Manager_ui: {fileID: 0}
  Manager_battle: {fileID: 0}
  Tile_map: {fileID: 0}
  Menu_function: []
  Start_point: {x: 0, y: 0, z: 0}
  path: []
--- !u!114 &11457002
MonoBehaviour:
  m_ObjectHideFlags: 1
  m_PrefabParentObject: {fileID: 0}
  m_PrefabInternal: {fileID: 100100000}
  m_GameObject: {fileID: 190266}
  m_Enabled: 1
  m_EditorHideFlags: 0
  m_Script: {fileID: 11500000, guid: fd79ee334e86af54991cd37d04a76bba, type: 3}
  m_Name: 
  m_EditorClassIdentifier: 
  Char_models: []
--- !u!137 &13700596
SkinnedMeshRenderer:
  m_ObjectHideFlags: 1
  m_PrefabParentObject: {fileID: 0}
  m_PrefabInternal: {fileID: 100100000}
  m_GameObject: {fileID: 112970}
  m_Enabled: 0
  m_CastShadows: 1
  m_ReceiveShadows: 1
  m_Materials:
  - {fileID: 2100000, guid: a1a75ab620f0caa4a8fd4f0a5cf45872, type: 2}
  m_SubsetIndices: 
  m_StaticBatchRoot: {fileID: 0}
  m_UseLightProbes: 1
  m_ReflectionProbeUsage: 1
  m_ProbeAnchor: {fileID: 0}
  m_ScaleInLightmap: 1
  m_PreserveUVs: 0
  m_ImportantGI: 0
  m_AutoUVMaxDistance: .5
  m_AutoUVMaxAngle: 89
  m_LightmapParameters: {fileID: 0}
  m_SortingLayerID: 0
  m_SortingOrder: 0
  serializedVersion: 2
  m_Quality: 0
  m_UpdateWhenOffscreen: 0
  m_Mesh: {fileID: 4300012, guid: 076ef8b3c629240408bf237a83f1c321, type: 3}
  m_Bones:
  - {fileID: 474786}
  m_BlendShapeWeights: []
  m_RootBone: {fileID: 474786}
  m_AABB:
    m_Center: {x: -.416847199, y: -.0227240324, z: -.000394701958}
    m_Extent: {x: .455941468, y: .59935075, z: .616635323}
  m_DirtyAABB: 0
--- !u!137 &13716766
SkinnedMeshRenderer:
  m_ObjectHideFlags: 1
  m_PrefabParentObject: {fileID: 0}
  m_PrefabInternal: {fileID: 100100000}
  m_GameObject: {fileID: 165688}
  m_Enabled: 0
  m_CastShadows: 1
  m_ReceiveShadows: 1
  m_Materials:
  - {fileID: 2100000, guid: a1a75ab620f0caa4a8fd4f0a5cf45872, type: 2}
  m_SubsetIndices: 
  m_StaticBatchRoot: {fileID: 0}
  m_UseLightProbes: 1
  m_ReflectionProbeUsage: 1
  m_ProbeAnchor: {fileID: 0}
  m_ScaleInLightmap: 1
  m_PreserveUVs: 0
  m_ImportantGI: 0
  m_AutoUVMaxDistance: .5
  m_AutoUVMaxAngle: 89
  m_LightmapParameters: {fileID: 0}
  m_SortingLayerID: 0
  m_SortingOrder: 0
  serializedVersion: 2
  m_Quality: 0
  m_UpdateWhenOffscreen: 0
  m_Mesh: {fileID: 4300008, guid: 076ef8b3c629240408bf237a83f1c321, type: 3}
  m_Bones:
  - {fileID: 437076}
  m_BlendShapeWeights: []
  m_RootBone: {fileID: 437076}
  m_AABB:
    m_Center: {x: -.129505485, y: .0014091637, z: .0121232588}
    m_Extent: {x: .309437454, y: .0228090491, z: .0227823537}
  m_DirtyAABB: 0
--- !u!137 &13724086
SkinnedMeshRenderer:
  m_ObjectHideFlags: 1
  m_PrefabParentObject: {fileID: 0}
  m_PrefabInternal: {fileID: 100100000}
  m_GameObject: {fileID: 186696}
  m_Enabled: 0
  m_CastShadows: 1
  m_ReceiveShadows: 1
  m_Materials:
  - {fileID: 2100000, guid: a1a75ab620f0caa4a8fd4f0a5cf45872, type: 2}
  m_SubsetIndices: 
  m_StaticBatchRoot: {fileID: 0}
  m_UseLightProbes: 1
  m_ReflectionProbeUsage: 1
  m_ProbeAnchor: {fileID: 0}
  m_ScaleInLightmap: 1
  m_PreserveUVs: 0
  m_ImportantGI: 0
  m_AutoUVMaxDistance: .5
  m_AutoUVMaxAngle: 89
  m_LightmapParameters: {fileID: 0}
  m_SortingLayerID: 0
  m_SortingOrder: 0
  serializedVersion: 2
  m_Quality: 0
  m_UpdateWhenOffscreen: 0
  m_Mesh: {fileID: 4300004, guid: 076ef8b3c629240408bf237a83f1c321, type: 3}
  m_Bones:
  - {fileID: 437076}
  m_BlendShapeWeights: []
  m_RootBone: {fileID: 437076}
  m_AABB:
    m_Center: {x: -.324797094, y: -.00105769187, z: -.00332006812}
    m_Extent: {x: .574801385, y: .0595121421, z: .114051193}
  m_DirtyAABB: 0
--- !u!137 &13732366
SkinnedMeshRenderer:
  m_ObjectHideFlags: 1
  m_PrefabParentObject: {fileID: 0}
  m_PrefabInternal: {fileID: 100100000}
  m_GameObject: {fileID: 119066}
  m_Enabled: 0
  m_CastShadows: 1
  m_ReceiveShadows: 1
  m_Materials:
  - {fileID: 2100000, guid: a1a75ab620f0caa4a8fd4f0a5cf45872, type: 2}
  m_SubsetIndices: 
  m_StaticBatchRoot: {fileID: 0}
  m_UseLightProbes: 1
  m_ReflectionProbeUsage: 1
  m_ProbeAnchor: {fileID: 0}
  m_ScaleInLightmap: 1
  m_PreserveUVs: 0
  m_ImportantGI: 0
  m_AutoUVMaxDistance: .5
  m_AutoUVMaxAngle: 89
  m_LightmapParameters: {fileID: 0}
  m_SortingLayerID: 0
  m_SortingOrder: 0
  serializedVersion: 2
  m_Quality: 0
  m_UpdateWhenOffscreen: 0
  m_Mesh: {fileID: 4300024, guid: 076ef8b3c629240408bf237a83f1c321, type: 3}
  m_Bones:
  - {fileID: 482306}
  m_BlendShapeWeights: []
  m_RootBone: {fileID: 482306}
  m_AABB:
    m_Center: {x: 1.63912773e-07, y: -.0669502318, z: -.0776014328}
    m_Extent: {x: .161273301, y: .12349233, z: .132043779}
  m_DirtyAABB: 0
--- !u!137 &13737250
SkinnedMeshRenderer:
  m_ObjectHideFlags: 1
  m_PrefabParentObject: {fileID: 0}
  m_PrefabInternal: {fileID: 100100000}
  m_GameObject: {fileID: 156466}
  m_Enabled: 0
  m_CastShadows: 1
  m_ReceiveShadows: 1
  m_Materials:
  - {fileID: 2100000, guid: a1a75ab620f0caa4a8fd4f0a5cf45872, type: 2}
  m_SubsetIndices: 
  m_StaticBatchRoot: {fileID: 0}
  m_UseLightProbes: 1
  m_ReflectionProbeUsage: 1
  m_ProbeAnchor: {fileID: 0}
  m_ScaleInLightmap: 1
  m_PreserveUVs: 0
  m_ImportantGI: 0
  m_AutoUVMaxDistance: .5
  m_AutoUVMaxAngle: 89
  m_LightmapParameters: {fileID: 0}
  m_SortingLayerID: 0
  m_SortingOrder: 0
  serializedVersion: 2
  m_Quality: 0
  m_UpdateWhenOffscreen: 0
  m_Mesh: {fileID: 4300014, guid: 076ef8b3c629240408bf237a83f1c321, type: 3}
  m_Bones:
  - {fileID: 474786}
  m_BlendShapeWeights: []
  m_RootBone: {fileID: 474786}
  m_AABB:
    m_Center: {x: -.358547121, y: -.0277021229, z: -.000421822071}
    m_Extent: {x: .397641152, y: .300266713, z: .288187802}
  m_DirtyAABB: 0
--- !u!137 &13737424
SkinnedMeshRenderer:
  m_ObjectHideFlags: 1
  m_PrefabParentObject: {fileID: 0}
  m_PrefabInternal: {fileID: 100100000}
  m_GameObject: {fileID: 133806}
  m_Enabled: 0
  m_CastShadows: 1
  m_ReceiveShadows: 1
  m_Materials:
  - {fileID: 2100000, guid: a1a75ab620f0caa4a8fd4f0a5cf45872, type: 2}
  m_SubsetIndices: 
  m_StaticBatchRoot: {fileID: 0}
  m_UseLightProbes: 1
  m_ReflectionProbeUsage: 1
  m_ProbeAnchor: {fileID: 0}
  m_ScaleInLightmap: 1
  m_PreserveUVs: 0
  m_ImportantGI: 0
  m_AutoUVMaxDistance: .5
  m_AutoUVMaxAngle: 89
  m_LightmapParameters: {fileID: 0}
  m_SortingLayerID: 0
  m_SortingOrder: 0
  serializedVersion: 2
  m_Quality: 0
  m_UpdateWhenOffscreen: 0
  m_Mesh: {fileID: 4300018, guid: 076ef8b3c629240408bf237a83f1c321, type: 3}
  m_Bones:
  - {fileID: 474786}
  m_BlendShapeWeights: []
  m_RootBone: {fileID: 474786}
  m_AABB:
    m_Center: {x: -.19003579, y: .002081424, z: -.000187128782}
    m_Extent: {x: .437615186, y: .311822593, z: .291857541}
  m_DirtyAABB: 0
--- !u!137 &13740516
SkinnedMeshRenderer:
  m_ObjectHideFlags: 1
  m_PrefabParentObject: {fileID: 0}
  m_PrefabInternal: {fileID: 100100000}
  m_GameObject: {fileID: 104412}
  m_Enabled: 0
  m_CastShadows: 1
  m_ReceiveShadows: 1
  m_Materials:
  - {fileID: 2100000, guid: a1a75ab620f0caa4a8fd4f0a5cf45872, type: 2}
  m_SubsetIndices: 
  m_StaticBatchRoot: {fileID: 0}
  m_UseLightProbes: 1
  m_ReflectionProbeUsage: 1
  m_ProbeAnchor: {fileID: 0}
  m_ScaleInLightmap: 1
  m_PreserveUVs: 0
  m_ImportantGI: 0
  m_AutoUVMaxDistance: .5
  m_AutoUVMaxAngle: 89
  m_LightmapParameters: {fileID: 0}
  m_SortingLayerID: 0
  m_SortingOrder: 0
  serializedVersion: 2
  m_Quality: 0
  m_UpdateWhenOffscreen: 0
  m_Mesh: {fileID: 4300010, guid: 076ef8b3c629240408bf237a83f1c321, type: 3}
  m_Bones:
  - {fileID: 474786}
  m_BlendShapeWeights: []
  m_RootBone: {fileID: 474786}
  m_AABB:
    m_Center: {x: -.158703178, y: -.0143104494, z: -.00053408742}
    m_Extent: {x: .439411908, y: .295418561, z: .288213313}
  m_DirtyAABB: 0
--- !u!137 &13744132
SkinnedMeshRenderer:
  m_ObjectHideFlags: 1
  m_PrefabParentObject: {fileID: 0}
  m_PrefabInternal: {fileID: 100100000}
  m_GameObject: {fileID: 134596}
  m_Enabled: 1
  m_CastShadows: 1
  m_ReceiveShadows: 1
  m_Materials:
  - {fileID: 2100000, guid: a1a75ab620f0caa4a8fd4f0a5cf45872, type: 2}
  m_SubsetIndices: 
  m_StaticBatchRoot: {fileID: 0}
  m_UseLightProbes: 1
  m_ReflectionProbeUsage: 1
  m_ProbeAnchor: {fileID: 0}
  m_ScaleInLightmap: 1
  m_PreserveUVs: 0
  m_ImportantGI: 0
  m_AutoUVMaxDistance: .5
  m_AutoUVMaxAngle: 89
  m_LightmapParameters: {fileID: 0}
  m_SortingLayerID: 0
  m_SortingOrder: 0
  serializedVersion: 2
  m_Quality: 0
  m_UpdateWhenOffscreen: 0
  m_Mesh: {fileID: 4300000, guid: 076ef8b3c629240408bf237a83f1c321, type: 3}
  m_Bones:
  - {fileID: 475992}
  - {fileID: 433208}
  - {fileID: 403804}
  - {fileID: 403182}
  - {fileID: 428104}
  - {fileID: 471914}
  - {fileID: 463044}
  - {fileID: 410218}
  - {fileID: 409300}
  - {fileID: 494812}
  - {fileID: 426684}
  - {fileID: 429328}
  - {fileID: 452986}
  m_BlendShapeWeights: []
  m_RootBone: {fileID: 475992}
  m_AABB:
    m_Center: {x: .0245638043, y: .0716882944, z: .0024176836}
    m_Extent: {x: .408501744, y: .271007329, z: .706059813}
  m_DirtyAABB: 0
--- !u!137 &13745004
SkinnedMeshRenderer:
  m_ObjectHideFlags: 1
  m_PrefabParentObject: {fileID: 0}
  m_PrefabInternal: {fileID: 100100000}
  m_GameObject: {fileID: 104282}
  m_Enabled: 0
  m_CastShadows: 1
  m_ReceiveShadows: 1
  m_Materials:
  - {fileID: 2100000, guid: a1a75ab620f0caa4a8fd4f0a5cf45872, type: 2}
  m_SubsetIndices: 
  m_StaticBatchRoot: {fileID: 0}
  m_UseLightProbes: 1
  m_ReflectionProbeUsage: 1
  m_ProbeAnchor: {fileID: 0}
  m_ScaleInLightmap: 1
  m_PreserveUVs: 0
  m_ImportantGI: 0
  m_AutoUVMaxDistance: .5
  m_AutoUVMaxAngle: 89
  m_LightmapParameters: {fileID: 0}
  m_SortingLayerID: 0
  m_SortingOrder: 0
  serializedVersion: 2
  m_Quality: 0
  m_UpdateWhenOffscreen: 0
  m_Mesh: {fileID: 4300016, guid: 076ef8b3c629240408bf237a83f1c321, type: 3}
  m_Bones:
  - {fileID: 474786}
  m_BlendShapeWeights: []
  m_RootBone: {fileID: 474786}
  m_AABB:
    m_Center: {x: -.342081964, y: -.0538460612, z: -.000392228365}
    m_Extent: {x: .381175816, y: .331396341, z: .385277599}
  m_DirtyAABB: 0
--- !u!137 &13759690
SkinnedMeshRenderer:
  m_ObjectHideFlags: 1
  m_PrefabParentObject: {fileID: 0}
  m_PrefabInternal: {fileID: 100100000}
  m_GameObject: {fileID: 191208}
  m_Enabled: 0
  m_CastShadows: 1
  m_ReceiveShadows: 1
  m_Materials:
  - {fileID: 2100000, guid: a1a75ab620f0caa4a8fd4f0a5cf45872, type: 2}
  m_SubsetIndices: 
  m_StaticBatchRoot: {fileID: 0}
  m_UseLightProbes: 1
  m_ReflectionProbeUsage: 1
  m_ProbeAnchor: {fileID: 0}
  m_ScaleInLightmap: 1
  m_PreserveUVs: 0
  m_ImportantGI: 0
  m_AutoUVMaxDistance: .5
  m_AutoUVMaxAngle: 89
  m_LightmapParameters: {fileID: 0}
  m_SortingLayerID: 0
  m_SortingOrder: 0
  serializedVersion: 2
  m_Quality: 0
  m_UpdateWhenOffscreen: 0
  m_Mesh: {fileID: 4300026, guid: 076ef8b3c629240408bf237a83f1c321, type: 3}
  m_Bones:
  - {fileID: 474786}
  m_BlendShapeWeights: []
  m_RootBone: {fileID: 474786}
  m_AABB:
    m_Center: {x: -.380518913, y: -.0490828156, z: -.000321358442}
    m_Extent: {x: .430592179, y: .35609889, z: .330001891}
  m_DirtyAABB: 0
--- !u!137 &13761632
SkinnedMeshRenderer:
  m_ObjectHideFlags: 1
  m_PrefabParentObject: {fileID: 0}
  m_PrefabInternal: {fileID: 100100000}
  m_GameObject: {fileID: 151886}
  m_Enabled: 0
  m_CastShadows: 1
  m_ReceiveShadows: 1
  m_Materials:
  - {fileID: 2100000, guid: a1a75ab620f0caa4a8fd4f0a5cf45872, type: 2}
  m_SubsetIndices: 
  m_StaticBatchRoot: {fileID: 0}
  m_UseLightProbes: 1
  m_ReflectionProbeUsage: 1
  m_ProbeAnchor: {fileID: 0}
  m_ScaleInLightmap: 1
  m_PreserveUVs: 0
  m_ImportantGI: 0
  m_AutoUVMaxDistance: .5
  m_AutoUVMaxAngle: 89
  m_LightmapParameters: {fileID: 0}
  m_SortingLayerID: 0
  m_SortingOrder: 0
  serializedVersion: 2
  m_Quality: 0
  m_UpdateWhenOffscreen: 0
  m_Mesh: {fileID: 4300002, guid: 076ef8b3c629240408bf237a83f1c321, type: 3}
  m_Bones:
  - {fileID: 437076}
  m_BlendShapeWeights: []
  m_RootBone: {fileID: 437076}
  m_AABB:
    m_Center: {x: -.387430191, y: .0045138225, z: .00160612166}
    m_Extent: {x: .630720615, y: .0806962028, z: .0806830749}
  m_DirtyAABB: 0
--- !u!137 &13767794
SkinnedMeshRenderer:
  m_ObjectHideFlags: 1
  m_PrefabParentObject: {fileID: 0}
  m_PrefabInternal: {fileID: 100100000}
  m_GameObject: {fileID: 143828}
  m_Enabled: 0
  m_CastShadows: 1
  m_ReceiveShadows: 1
  m_Materials:
  - {fileID: 2100000, guid: a1a75ab620f0caa4a8fd4f0a5cf45872, type: 2}
  m_SubsetIndices: 
  m_StaticBatchRoot: {fileID: 0}
  m_UseLightProbes: 1
  m_ReflectionProbeUsage: 1
  m_ProbeAnchor: {fileID: 0}
  m_ScaleInLightmap: 1
  m_PreserveUVs: 0
  m_ImportantGI: 0
  m_AutoUVMaxDistance: .5
  m_AutoUVMaxAngle: 89
  m_LightmapParameters: {fileID: 0}
  m_SortingLayerID: 0
  m_SortingOrder: 0
  serializedVersion: 2
  m_Quality: 0
  m_UpdateWhenOffscreen: 0
  m_Mesh: {fileID: 4300006, guid: 076ef8b3c629240408bf237a83f1c321, type: 3}
  m_Bones:
  - {fileID: 437076}
  m_BlendShapeWeights: []
  m_RootBone: {fileID: 437076}
  m_AABB:
    m_Center: {x: -.261515915, y: -.000612512231, z: -.0505298004}
    m_Extent: {x: .510272086, y: .0894129425, z: .203290433}
  m_DirtyAABB: 0
--- !u!137 &13775574
SkinnedMeshRenderer:
  m_ObjectHideFlags: 1
  m_PrefabParentObject: {fileID: 0}
  m_PrefabInternal: {fileID: 100100000}
  m_GameObject: {fileID: 180296}
  m_Enabled: 0
  m_CastShadows: 1
  m_ReceiveShadows: 1
  m_Materials:
  - {fileID: 2100000, guid: a1a75ab620f0caa4a8fd4f0a5cf45872, type: 2}
  m_SubsetIndices: 
  m_StaticBatchRoot: {fileID: 0}
  m_UseLightProbes: 1
  m_ReflectionProbeUsage: 1
  m_ProbeAnchor: {fileID: 0}
  m_ScaleInLightmap: 1
  m_PreserveUVs: 0
  m_ImportantGI: 0
  m_AutoUVMaxDistance: .5
  m_AutoUVMaxAngle: 89
  m_LightmapParameters: {fileID: 0}
  m_SortingLayerID: 0
  m_SortingOrder: 0
  serializedVersion: 2
  m_Quality: 0
  m_UpdateWhenOffscreen: 0
  m_Mesh: {fileID: 4300022, guid: 076ef8b3c629240408bf237a83f1c321, type: 3}
  m_Bones:
  - {fileID: 482306}
  m_BlendShapeWeights: []
  m_RootBone: {fileID: 482306}
  m_AABB:
    m_Center: {x: .174698383, y: 2.5331974e-07, z: -5.96046448e-07}
    m_Extent: {x: .253556401, y: .153835356, z: .153825268}
  m_DirtyAABB: 0
--- !u!137 &13793792
SkinnedMeshRenderer:
  m_ObjectHideFlags: 1
  m_PrefabParentObject: {fileID: 0}
  m_PrefabInternal: {fileID: 100100000}
  m_GameObject: {fileID: 155562}
  m_Enabled: 0
  m_CastShadows: 1
  m_ReceiveShadows: 1
  m_Materials:
  - {fileID: 2100000, guid: a1a75ab620f0caa4a8fd4f0a5cf45872, type: 2}
  m_SubsetIndices: 
  m_StaticBatchRoot: {fileID: 0}
  m_UseLightProbes: 1
  m_ReflectionProbeUsage: 1
  m_ProbeAnchor: {fileID: 0}
  m_ScaleInLightmap: 1
  m_PreserveUVs: 0
  m_ImportantGI: 0
  m_AutoUVMaxDistance: .5
  m_AutoUVMaxAngle: 89
  m_LightmapParameters: {fileID: 0}
  m_SortingLayerID: 0
  m_SortingOrder: 0
  serializedVersion: 2
  m_Quality: 0
  m_UpdateWhenOffscreen: 0
  m_Mesh: {fileID: 4300028, guid: 076ef8b3c629240408bf237a83f1c321, type: 3}
  m_Bones:
  - {fileID: 437076}
  m_BlendShapeWeights: []
  m_RootBone: {fileID: 437076}
  m_AABB:
    m_Center: {x: -.286860704, y: 2.86847353e-07, z: .0102790445}
    m_Extent: {x: .424541831, y: .0419179089, z: .150289908}
  m_DirtyAABB: 0
--- !u!137 &13798634
SkinnedMeshRenderer:
  m_ObjectHideFlags: 1
  m_PrefabParentObject: {fileID: 0}
  m_PrefabInternal: {fileID: 100100000}
  m_GameObject: {fileID: 159188}
  m_Enabled: 0
  m_CastShadows: 1
  m_ReceiveShadows: 1
  m_Materials:
  - {fileID: 2100000, guid: a1a75ab620f0caa4a8fd4f0a5cf45872, type: 2}
  m_SubsetIndices: 
  m_StaticBatchRoot: {fileID: 0}
  m_UseLightProbes: 1
  m_ReflectionProbeUsage: 1
  m_ProbeAnchor: {fileID: 0}
  m_ScaleInLightmap: 1
  m_PreserveUVs: 0
  m_ImportantGI: 0
  m_AutoUVMaxDistance: .5
  m_AutoUVMaxAngle: 89
  m_LightmapParameters: {fileID: 0}
  m_SortingLayerID: 0
  m_SortingOrder: 0
  serializedVersion: 2
  m_Quality: 0
  m_UpdateWhenOffscreen: 0
  m_Mesh: {fileID: 4300020, guid: 076ef8b3c629240408bf237a83f1c321, type: 3}
  m_Bones:
  - {fileID: 482306}
  m_BlendShapeWeights: []
  m_RootBone: {fileID: 482306}
  m_AABB:
    m_Center: {x: .109324045, y: 2.23517418e-07, z: -3.57627869e-07}
    m_Extent: {x: .249148905, y: .169065922, z: .169065729}
  m_DirtyAABB: 0
--- !u!1001 &100100000
Prefab:
  m_ObjectHideFlags: 1
  serializedVersion: 2
  m_Modification:
    m_TransformParent: {fileID: 0}
    m_Modifications: []
    m_RemovedComponents: []
  m_ParentPrefab: {fileID: 0}
  m_RootGameObject: {fileID: 190266}
  m_IsPrefabParent: 1
